3688 5372
897 239 947 312 30

377 427 427 496 15.
462 429 548 496 eredo
566 429 627 517 pol,
650 430 746 509 eredo,
770 435 898 530 iuquam,
917 431 981 495 tibi.
1003 467 1037 478 -
1052 453 1114 517 Jam
1128 431 1231 496 liberta
1246 430 1371 496 anetus?
1390 469 1424 479 -
1444 435 1549 496 enicas.

464 541 535 626 quin
557 537 611 603 tibi
634 561 679 602 me
702 538 766 602 dieo
791 539 914 603 eredere.
944 577 978 584 -
1006 539 1052 602 die
1073 537 1152 604 hona
1174 539 1246 602 fide:
1265 540 1327 624 jam
1349 538 1440 604 libera
1463 539 1527 604 e'st?

467 681 502 694 -
529 649 553 722 i,
578 649 588 709 i
611 645 648 712 ad
670 644 781 722 forum,
806 644 844 709 ad
865 658 1043 732 praetorem,
1068 642 1198 733 exquire.

374 768 425 834 20.
460 769 513 834 ubi
534 793 612 836 nune
634 783 685 834 tua
707 769 811 836 liberta
833 771 899 834 est?

290 895 354 959 V2
373 892 425 960 66.
460 917 514 983 ego
538 917 603 959 sum
625 895 680 959 tibi
702 909 845 983 patronus
867 897 968 984 plane,
999 901 1050 984 qui
1076 897 1145 960 huie
1166 919 1222 983 pro
1246 910 1275 962 te
1297 910 1449 984 argentum
1472 895 1546 960 dedi.

308 631 323 664 Ἰ

189 1070 195 1083 .
300 1004 422 1086 11'310.
457 1005 642 1085 nam'herus
671 1043 753 1086 meus
780 1043 826 1087 me
854 1021 997 1087 Eretriam
1025 1025 1119 1100 misit,
1151 1022 1278 1086 domitos
1309 1019 1401 1086 boves
1430 1035 1464 1086 ut
1493 1020 1548 1086 sibi

312 1141 315 1146 '
1240 1151 1390 1194 mercarer.
1422 1125 1423 1130 ¹

333 1235 352 1302 5
372 1233 422 1302 21.
458 1235 594 1300 dominus
616 1259 661 1308 me
684 1235 956 1316 bovesmereatum
979 1236 1121 1302 Eretriam
1143 1241 1230 1302 misit.

354 1359 423 1426 42.
459 1384 551 1426 emere
576 1375 693 1449 oportet
716 1384 801 1448 quem
823 1361 878 1425 tibi
905 1361 1022 1427 obedire
1046 1363 1126 1426 velis.

287 1484 431 1551 1111347.
447 1510 493 1551 -ea
517 1499 702 1573 eomparatur
724 1487 848 1573 praeda,
873 1501 907 1552 ut
928 1488 980 1552 fiat
1002 1492 1099 1552 auetio

459 1593 628 1682 publicitus.

333 1717 436 1786 614..
457 1743 522 1785 eum
545 1743 599 1808 ego
623 1732 658 1784 ut
679 1723 826 1807 requiram
848 1733 936 1807 atque
958 1733 993 1784 ut
1014 1720 1161 1786 redimam.

811 1869 1025 1939 Poenulus.

287 1998 362 2087 prol.
372 1995 444 2063 102.
460 1996 546 2062 illane
561 2000 703 2061 minorem
725 2001 756 2061 in
778 1997 1003 2062 concubinatum
1026 1997 1082 2063 sibi

459 2106 522 2170 volt
544 2127 636 2169 emere
649 2106 740 2169 ¹miles
764 2105 897 2192 quidam,
922 2110 974 2193 qui
996 2106 1073 2170 illam
1097 2106 1218 2192 deperit.

335 2227 428 2296 1150.
458 2229 558 2295 addiee
580 2245 660 2295 tuam
683 2231 754 2295 mihi
776 2234 947 2295 meritrieem
970 2231 1170 2295 minusculam.

285 2358 361 2444 prol.
378 2355 430 2421 87.
460 2379 507 2420 eas
531 2359 582 2443 qui
605 2354 766 2443 subripuit,
791 2359 822 2418 in
844 2355 1035 2420 Anactorium
1057 2355 1174 2426 devehit

457 2464 615 2550 venditque
638 2464 691 2527 has
716 2485 830 2540 omnes,
855 2476 884 2527 et
904 2466 1046 2528 nutricem
1063 2477 1099 2527 ¹et
1120 2464 1256 2551 virginee,

455 2575 602 2659 praesenti
625 2585 745 2660 argento
770 2571 895 2647 homini,
920 2574 945 2635 si
967 2571 1033 2635 leno
1058 2571 1222 2636 esthemo.

284 2693 428 2760 llll274.
611 2699 680 2784 quia
702 2696 765 2760 illas
789 2699 858 2760 emit
880 2700 910 2760 in
932 2697 1093 2762 Anactorio
1116 2696 1253 2784 parvolas

457 2803 492 2868 de
514 2802 662 2889 praedone
685 2803 795 2868 Siculo.
825 2843 859 2850 -
888 2803 1012 2891 quanti?
1039 2843 1066 2852 -
1101 2803 1305 2891 duodeviginti
1328 2807 1422 2868 minis.
1451 2842 1485 2851 -

457 2911 530 2975 duas
553 2913 615 2976 illas
640 2912 843 3000 duodeviginti
866 2925 894 2975 et
916 2915 1058 2990 nutricem
1081 2935 1179 2977 earnm
1203 2915 1327 2975 tertiam.

457 3031 485 3082 et
507 3019 554 3082 ille
578 3021 628 3105 qui
652 3039 699 3081 eas
717 3017 875 3096 vendebat,
901 3019 977 3083 dixit
999 3042 1029 3083 se
1051 3019 1175 3085 furtivas
1199 3018 1331 3083 vendere.

454 3128 595 3214 ingenuas
620 3123 795 3214 Carthagine
819 3125 898 3190 aibat
921 3148 992 3191 esse.

305 3247 415 3316 Vbb.
1148 3255 1180 3316 in
1197 3251 1248 3338 jus
1272 3262 1300 3316 te
1325 3273 1407 3317 voeo.

460 3396 494 3405 —
521 3356 593 3444 quid
615 3356 669 3420 tibi
690 3380 802 3422 meeum
825 3357 943 3423 autem?
969 3395 1004 3405 -
1036 3361 1104 3446 quia
1125 3359 1211 3426 hasce
1235 3362 1281 3446 ajo
1305 3359 1410 3426 liberas

455 3469 653 3552 ingenuasque
676 3487 738 3529 esse
760 3465 834 3530 filias
858 3464 963 3528 ambas
980 3485 1066 3542 meas,

455 3592 528 3659 qnae
552 3585 621 3636 sunt
643 3571 799 3660 subreptae
822 3597 887 3638 eum
909 3577 1022 3638 nutrice
1044 3574 1190 3661 parvolae.
1235 3571 1237 3575 ’

458 3715 492 3726 -
514 3679 688 3766 jampridem
713 3681 846 3767 equidem
869 3684 945 3744 istuc
968 3685 1053 3758 scivi,
1078 3694 1107 3745 et
1129 3686 1250 3746 miratus
1273 3682 1315 3746 fui

453 3788 596 3850 neminem
619 3790 717 3851 venire
741 3791 791 3875 qui
813 3791 884 3852 istas
907 3787 1054 3853 adsereret
1074 3789 1171 3854 manu.

451 3917 532 3960 meae
555 3894 671 3981 quidem
693 3894 825 3983 prolecto
848 3918 909 3958 non
931 3909 1008 3960 sunt.

282 4020 359 4108 prol.
373 4017 425 4084 72.
456 4020 502 4085 ille
525 4022 576 4106 qui
600 4023 754 4107 surripuit,
778 4041 902 4106 puerum
921 4019 1101 4108 Calydonem
1117 4021 1224 4086 avehit.

453 4127 554 4191 vendit
576 4149 641 4190 enm
665 4126 783 4192 domino
808 4129 855 4192 hie
879 4127 962 4192 diviti
985 4129 1100 4208 cuidam
1124 4133 1194 4194 seni.

363 4249 415 4317 75.
450 4255 520 4316 emit
541 4252 715 4339 hospitalem
738 4256 763 4317 is
785 4253 877 4318 filiurn
900 4254 1069 4342 imprudens
1093 4276 1183 4320 senex

452 4381 574 4445 puerum
598 4360 694 4437 illum,
718 4382 842 4449 eumque
865 4361 988 4449 adoptat
1009 4361 1065 4426 sibi
1086 4384 1141 4448 pro
1163 4362 1235 4427 filio.

278 4475 327 4542 llll
339 4471 358 4539 2
371 4471 423 4540 81.
451 4479 502 4562 qui
524 4497 590 4540 eum
613 4480 763 4564 surripuit,
788 4477 846 4540 hue
870 4478 988 4542 devexit
1004 4499 1129 4565 meoque
1152 4479 1223 4545 bero
1247 4501 1312 4544 eum
1334 4481 1381 4546 hie
1398 4481 1536 4547 vendidit.

451 4586 476 4646 is
499 4586 530 4647 iu
553 4582 669 4649 divitias
683 4585 782 4680 'homo
807 4584 959 4672 adoptavit
984 4586 1071 4652 hune.
