3688 5372
898 1318 928 1420 1.

285 1566 468 1676 Plautinas
488 1603 672 1676 comoedias
693 1607 765 1697 quie
784 1606 888 1677 nescit
905 1603 1027 1674 iontem
1043 1626 1115 1674 csse
1129 1601 1324 1695 pellucidum
1337 1613 1435 1694 atque
1449 1579 1550 1672 abnn-

287 1711 415 1802 dantem
429 1728 512 1800 unde
525 1754 579 1802 res
594 1731 817 1802 Romanorum
831 1729 1027 1801 domesticas
1049 1752 1297 1822 cognoscamus.
1327 1731 1442 1798 etenim
1455 1727 1551 1798 Plau·

286 1867 357 1926 tum
382 1866 527 1942 constat,
554 1860 704 1950 quamvis
724 1856 866 1927 Graecas
885 1855 1027 1926 Barbare
1050 1859 1188 1926 vortcrit
1211 1855 1359 1940 fabulas,
1383 1853 1550 1925 Romanos

206 1981 208 1984 ’
287 1981 609 2075 depinxissetnores3
627 1982 660 2053 id
671 1982 757 2076 qnod
771 1986 801 2054 si
814 1986 922 2054 minus
935 1993 1058 2053 certum
1073 2004 1146 2052 esec
1160 1981 1270 2068 ducas,
1286 1982 1418 2052 adverte
1429 1990 1551 2072 quanta

285 2107 362 2193 fide,
382 2107 438 2180 uhi
454 2108 565 2180 incidit
581 2111 615 2180 in
632 2112 828 2180 mentionem
845 2131 954 2178 rerum
972 2131 993 2178 a
1010 2107 1231 2180 Romanorum
1252 2109 1412 2178 institutis
1432 2105 1551 2176 discre-

189 2289 200 2306 .
285 2237 448 2326 pantium,
475 2234 575 2306 talem
601 2259 700 2306 usum
726 2257 798 2306 csse
825 2245 1012 2306 exterarum
1035 2236 1205 2306 nationum
1228 2233 1402 2328 praedicat.
1436 2235 1495 2312 ita
1518 2233 1552 2302 in

287 2358 424 2434 Catinae
442 2360 577 2456 prologo
597 2361 641 2450 (v.
657 2360 735 2443 6711

497 2528 567 2581 sieut
588 2517 636 2581 hic
659 2539 734 2605 quos
759 2515 846 2582 oredo
868 2539 948 2580 nnnc
969 2518 1045 2580 inter
1068 2538 1098 2580 sc
1122 2515 1216 2580 dicere

497 2647 626 2711 »quaeso
650 2624 761 2702 hercle,
787 2623 860 2711 qnid
881 2627 958 2688 istuc
981 2623 1047 2687 cst?
1075 2624 1194 2688 serviles
1217 2621 1362 2711 nuptiae?
1390 2607 1394 2620 ⁸

497 2735 611 2799 serviue
634 2755 759 2801 uxorem
783 2731 891 2800 eluceat
913 2731 965 2796 aut
986 2743 1111 2818 poscent
1133 2730 1212 2798 sihi?

496 2862 608 2908 novum
632 2840 793 2911 attuleruut
817 2838 899 2928 quod
920 2839 955 2904 fit
976 2861 1123 2926 nusquam
1146 2841 1307 2926 gentium«

496 2959 527 3010 at
549 2969 603 3036 ego
628 2949 675 3034 ajo
699 2947 757 3012 hoc
779 2947 842 3010 fieri
864 2949 895 3010 in
920 2945 1040 3011 Graecia
1063 2958 1092 3011 et
1115 2944 1295 3032 Carthagini,

498 3067 526 3120 et
548 3055 596 3120 hic
619 3059 650 3120 in
672 3069 775 3120 nostra
797 3067 889 3132 terra,
912 3055 945 3118 in
967 3066 1044 3118 terra
1067 3053 1175 3141 Apula,

496 3165 666 3250 majoreque
691 3185 781 3250 opera
802 3161 845 3226 ihi
868 3162 986 3228 serviles
1010 3165 1130 3248 nuptiae

498 3292 585 3358 quam
608 3271 741 3336 liberales
765 3272 851 3333 etiam
875 3272 971 3338 curari
995 3269 1100 3334 solent.

497 3378 528 3442 id
549 3381 581 3446 ni
603 3379 652 3456 fit,
676 3400 788 3444 mecum
810 3380 934 3464 pignus,
959 3381 984 3442 si
1008 3381 1074 3465 quis
1097 3377 1174 3454 volt,
1199 3374 1268 3440 dato

496 3488 527 3550 in
549 3509 654 3552 urnam
676 3486 779 3562 mulsi,
803 3485 922 3550 Poenus
946 3484 1016 3550 dum
1035 3484 1131 3571 judex
1152 3487 1208 3548 sict

497 3593 544 3657 vel
568 3592 695 3658 Graecus
719 3592 792 3658 adeo
817 3593 862 3657 vel
885 3615 949 3656 mea
972 3615 1061 3657 causa
1081 3593 1209 3680 Apulus·

287 3751 319 3812 et
335 3743 369 3814 iu
387 3739 499 3812 Sticho
520 3742 668 3814 similiter
685 3740 739 3830 (ΙΠ
757 3741 772 3810 1
794 3740 873 3830 att:

543 3903 631 3978 atqtic
654 3889 685 3954 id
707 3912 744 3954 ne
767 3913 822 3955 vos
845 3887 1004 3966 miremini,
1029 3885 1163 3952 homines
1188 3881 1320 3951 servolos

541 4009 645 4086 potare
668 4020 764 4062 amare
787 4010 875 4085 atque
899 3997 937 4062 ad
961 4019 1080 4062 coenam
1104 3994 1264 4073 condicere,

540 4107 687 4172 licct'hoc
709 4105 835 4170 Athenis
858 4104 955 4170 nohis.

375 4242 499 4340 jam-si
525 4247 652 4337 cogitas
679 4268 719 4315 ex
740 4245 815 4339 jure
840 4267 948 4316 mores
974 4246 1118 4337 gentium
1143 4267 1182 4312 ac
1207 4264 1325 4313 rursus
1343 4264 1387 4312 ex
1404 4238 1553 4314 moribus

283 4371 353 4466 jus
368 4371 454 4463 quod
480 4370 624 4442 obtineat
646 4393 746 4463 posse
771 4373 939 4464 cognosci,
963 4371 1071 4441 Plauti
1096 4391 1225 4439 summa
1251 4372 1436 4440 sinceritate
1454 4380 1551 4462 atque
1654 4369 1657 4375 ’

289 4497 478 4570 alacemimo
509 4498 637 4590 ingenio
672 4500 874 4590 conscriptas
907 4495 1037 4583 fabulas
1068 4497 1152 4567 inter
1183 4497 1383 4566 certissimos
1414 4493 1551 4567 habebis

288 4627 436 4708 nuntios,
463 4621 580 4715 quide
607 4623 832 4714 antiquissimo
853 4623 928 4717 jure
945 4622 1092 4692 Romano
1121 4619 1162 4690 ad
1181 4643 1243 4691 nos
1262 4623 1475 4713 pervenerint
1511 4643 1551 4696 ac
1627 4673 1629 4678 -

1290 4743 1323 4798 1·
