3688 5372
839 212 1037 367 ¹12,

337 545 340 554 ,
366 466 455 537 haud
474 467 637 538 dissimilis
655 471 689 538 in
701 468 861 538 Pseudolo
880 479 1042 539 tractatur
1058 468 1178 539 fabula.
1207 469 1322 541 mulier
1337 493 1420 566 quae
1436 474 1538 544 servit

279 591 365 686 apud
382 593 543 680 lenonem,
561 594 687 664 litteras
705 597 805 664 mittit
820 596 941 663 amanti
961 592 1019 680 (11
1039 593 1118 683 det:

487 733 553 797 leno
577 754 622 796 me
644 754 765 821 peregre
788 719 871 795 militi
893 731 1084 796 Macedonico

487 843 572 903 minis
596 843 700 928 viginti
723 839 868 916 vendidit,
893 840 1031 927 voluptas
1055 863 1126 918 mea,

488 961 516 1013 et
537 949 710 1035 priusquam
738 947 807 1012 hine
833 946 918 1024 abiit,
945 947 1109 1036 quindecim
1132 947 1213 1013 miles
1236 953 1328 1014 minas

488 1054 614 1119 dederat.
654 1078 732 1120 nune
754 1078 829 1120 unae
853 1058 982 1143 quinque
1005 1070 1189 1122 remorantur
1211 1060 1315 1123 minae.
1379 1037 1387 1046 ἱ

488 1186 521 1227 ea
544 1185 630 1227 eausa
653 1163 734 1226 miles
758 1163 806 1226 hie
828 1164 947 1251 reliquit
969 1162 1145 1252 symbolum,

488 1292 655 1358 expressam
677 1273 708 1333 in
731 1291 796 1334 cera
819 1293 856 1334 ex
879 1271 966 1335 anulo
991 1294 1074 1335 suam
1097 1275 1259 1361 imaginem,

487 1381 595 1466 utqui
618 1377 676 1442 hue
699 1377 814 1441 afferret
837 1379 899 1463 ejus
923 1380 1044 1444 similem
1068 1379 1235 1467 symbolum

487 1509 552 1551 eum
576 1508 610 1551 eo
635 1485 721 1548 simul
743 1507 789 1548 me
811 1489 947 1551 mitteret.
983 1491 1009 1551 ei
1031 1492 1073 1552 rei
1097 1489 1158 1552 dies

486 1594 557 1659 haee
579 1597 754 1680 praestituta
777 1607 821 1658 est
842 1598 979 1681 proxima
1001 1594 1155 1683 Dionysia.

275 1731 346 1821 ipse
372 1738 499 1798 amator
525 1725 561 1795 de
581 1725 690 1795 eadem
708 1724 840 1794 muliere
861 1725 992 1795 emenda
1011 1749 1085 1796 eum
1103 1726 1215 1797 lenone
1235 1728 1305 1822 jam
1326 1733 1432 1822 egisse
1451 1728 1537 1799 vide·

276 1865 348 1924 tur:
368 1855 484 1922 etenim
502 1875 619 1923 servus
638 1849 818 1921 Pseudolus
839 1851 876 1920 de
896 1851 1023 1922 domino
1042 1852 1123 1923 haee
1142 1857 1188 1923 ait
1207 1850 1267 1941 (13
1284 1851 1362 1942 60);

363 2009 443 2074 hune
464 2008 558 2096 pudet
580 2006 661 2097 quod
683 2006 737 2072 tibi
759 2011 896 2095 promisit
920 2031 1036 2097 quaque
1060 2009 1091 2074 id
1113 2013 1249 2097 promisit
1272 2010 1326 2087 die,

365 2119 435 2205 quia
456 2116 510 2182 tihi
532 2121 624 2181 minas
648 2119 752 2204 viginti
774 2139 829 2205 pro
854 2120 946 2182 amica
968 2120 1054 2182 etiam
1077 2140 1138 2181 non
1162 2117 1249 2182 dedit.

363 2223 399 2290 B.
422 2228 512 2291 nimio
535 2225 567 2289 id
590 2224 672 2313 quod
693 2223 786 2312 pudet
809 2223 921 2289 facilius
945 2225 1038 2290 fertur
1060 2247 1148 2312 quam
1170 2225 1244 2290 illud
1266 2226 1349 2313 quod
1369 2229 1459 2314 piget.

365 2355 425 2398 non
449 2331 562 2396 dedisse
585 2335 674 2396 istum
697 2331 803 2419 pudet,
829 2354 873 2396 me
898 2335 1050 2421 quianon
1074 2335 1170 2420 accepi
1192 2337 1282 2421 piget.
1387 2315 1390 2321 ¹

365 2439 414 2506 Ps.
439 2454 469 2505 at
492 2438 588 2516 dabit,
613 2438 738 2526 parabit.
773 2440 887 2527 aliquot
909 2440 966 2504 hos
990 2439 1051 2504 dies
1075 2454 1173 2506 manta
1195 2441 1301 2505 modo:

366 2570 433 2614 nam
455 2547 502 2613 hie
524 2546 557 2612 id
577 2550 696 2624 metuit,
720 2569 756 2613 ne
779 2547 857 2611 illam
880 2546 990 2612 vendas
1014 2547 1052 2612 oh
1077 2549 1252 2614 simultatem
1276 2572 1368 2615 suam.

280 2734 390 2807 dehine
410 2757 483 2805 eum
500 2736 572 2827 ipso
594 2731 720 2803 domino
740 2733 934 2826 colloquitur
950 2733 1022 2804 leno
1042 2731 1205 2822 (v.102):

410 2872 483 2960 quid
504 2894 583 2936 nune
604 2871 672 2935 vis?
707 2869 739 2937 C.
764 2884 798 2936 ut
822 2875 974 2959 opperiare
996 2872 1052 2937 hos
1077 2895 1130 2936 sex
1153 2872 1214 2937 dies
1238 2874 1338 2936 saltem
1360 2874 1460 2951 modo,

409 3003 446 3048 ne
467 2980 545 3046 illam
570 2979 691 3056 vendas,
722 3001 780 3045 neu
808 3002 853 3044 me
880 2979 986 3067 perdas
1015 2980 1162 3045 hominem
1190 2992 1341 3045 amantem.
1380 2981 1416 3047 Β.
1441 2985 1537 3048 auimo

1234 3087 1315 3154 bono
1339 3111 1379 3167 es,

410 3196 457 3260 vel
479 3217 532 3260 sex
553 3197 661 3260 mensis
685 3194 854 3282 opperibor.
891 3194 924 3262 C.
948 3219 1021 3285 euge
1044 3197 1134 3263 homo
1157 3197 1353 3284 lepidissume.

408 3302 444 3369 B.
468 3306 557 3367 immo
580 3304 639 3366 vin’
663 3306 749 3367 etiam
772 3316 800 3366 te
823 3301 925 3368 latiam
949 3327 987 3370 ex
1008 3305 1084 3370 laeto
1108 3306 1262 3370 laetantem
1284 3305 1399 3395 magis?

411 3410 444 3478 C.
469 3411 541 3498 quid
558 3410 643 3496 jam?
669 3410 704 3474 B.
727 3413 797 3498 quia
819 3415 895 3475 enim
918 3435 979 3477 nou
1001 3413 1131 3478 venalem
1144 3415 1205 3500 jam
1225 3413 1319 3478 habeo
1338 3414 1536 3480 Phoenicium.

278 3534 388 3603 v.122.
408 3535 441 3602 C.
466 3559 526 3601 non
548 3534 638 3602 habes
661 3536 791 3601 venalem
815 3540 934 3601 amicam
956 3551 990 3602 tu
1013 3561 1105 3602 meam
1127 3538 1340 3604 Phoenicium?

409 3644 444 3710 B.
468 3668 529 3710 non
552 3644 656 3732 edepol
678 3643 772 3709 habeo
795 3644 944 3732 profeet03
968 3669 1035 3737 nam
1053 3646 1228 3734 jampridem
1251 3646 1379 3712 vendidi.

410 3751 443 3818 G.
469 3751 665 3840 quomodo?
698 3752 732 3816 B.
758 3757 820 3818 sine
844 3743 1020 3819 ornamentis
1045 3777 1109 3818 eum
1133 3757 1277 3819 intestinis
1302 3753 1456 3838 omnibus,

412 3859 444 3926 C.
468 3882 561 3925 meam
583 3873 618 3924 tu
640 3864 759 3926 amicam
782 3859 963 3925 vendidisti?
995 3860 1030 3926 Β.
1050 3863 1134 3928 valde
1157 3865 1262 3949 viginti
1284 3864 1380 3926 minis

412 3968 445 4036 C.
470 3971 574 4056 viginti
597 3969 705 4033 minis?
738 3968 774 4034 Β.
798 3981 898 4051 utrum
921 3972 981 4046 vis,
1006 3970 1052 4034 vel
1076 3982 1179 4056 quater
1202 3973 1298 4056 quinis
1321 3973 1416 4048 minis,

410 4077 494 4142 militi
515 4075 699 4141 Macedonio.
739 4078 847 4163 etjam
871 4077 1035 4163 quindecim
1059 4078 1106 4142 hie
1128 4076 1223 4142 habeo
1246 4081 1349 4142 minas.

279 4200 390 4269 elta.
415 4201 448 4268 C.
468 4205 635 4289 juravistin’
659 4214 688 4265 te
711 4202 788 4265 illam
811 4203 882 4267 nulli
906 4204 1093 4270 venditurum
1116 4207 1173 4267 nisi
1196 4203 1290 4268 mihi?

410 4309 444 4375 B.
464 4309 566 4376 fateor.
598 4308 631 4375 C.
649 4332 752 4397 nempe
771 4314 918 4398 conceptis
936 4311 1056 4376 verbis?
1083 4310 1118 4375 B.
1140 4314 1225 4375 etiam
1246 4312 1387 4378 consultis
1409 4337 1536 4403 quoque.

339 4495 342 4504 Ι
414 4417 447 4484 G.
471 4420 658 4507 perjuravisti
681 4421 809 4484 sceleste.
842 4419 877 4483 B.
902 4434 932 4485 at
954 4432 1107 4508 argentum
1129 4422 1208 4485 intro
1233 4420 1359 4486 condidi.

280 4543 441 4638 vata-B.
467 4544 519 4610 sed
542 4568 709 4635 quanquam
732 4547 823 4610 multa
844 4548 977 4636 malaque
1000 4549 1030 4609 in
1053 4569 1098 4610 me
1122 4546 1198 4612 dieta
1222 4546 1337 4612 dixistis
1360 4547 1458 4623 modo,

409 4657 466 4720 nisi
488 4654 559 4718 mihi
582 4653 671 4719 hodie
694 4653 824 4719 attulerit
844 4656 924 4720 utiles
949 4657 1078 4742 quinque
1101 4678 1174 4743 quas
1198 4653 1283 4721 debet
1304 4659 1405 4732 minas,
