3688 5372
893 297 940 370 13

418 492 494 555 siout
515 490 587 554 haee
609 502 655 554 est
675 492 849 576 praestituta
872 511 986 552 summa
1007 501 1128 576 argento
1153 487 1222 566 dies,

418 600 443 660 si
466 600 491 661 is
513 620 575 661 non
598 596 703 674 aderit,
729 619 817 684 posse
841 600 949 684 opinor
970 594 1062 663 secere
1085 619 1130 660 me
1155 595 1282 661 officium
1304 617 1409 662 meum.

419 703 453 771 C.
472 703 544 793 quid
560 703 593 769 id
609 703 676 768 est?
702 703 738 769 Β.
757 708 781 769 si
804 718 838 770 tu
860 717 1013 792 argentum
1036 705 1183 782 attuleris,
1209 725 1274 768 oum
1296 704 1346 768 illo
1369 702 1546 791 perdiderim

418 916 475 984 hoo
497 940 593 984 meum
616 931 661 984 est
684 917 821 985 officium.
857 941 911 1008 ego
936 942 1042 1008 operae
1065 923 1090 985 si
1114 923 1166 998 sit,
1192 919 1258 1008 plus
1281 812 1512 1008 tdddrldloquar,
1630 989 1633 994 ,

420 1028 471 1094 sed
495 1032 556 1094 sine
580 1041 701 1117 argento
725 1027 835 1095 frustra
857 1042 902 1093 est
925 1027 1006 1116 quod
1028 1049 1073 1093 me
1095 1032 1140 1093 tui
1162 1032 1291 1094 misereri
1316 1029 1459 1117 postulas.

289 1271 331 1320 ex
358 1248 410 1320 his
435 1250 558 1321 ultimis
582 1249 734 1321 versibus
759 1260 851 1343 patet
876 1249 958 1319 diem
982 1260 1112 1320 tantum
1136 1249 1288 1320 solutioni
1312 1247 1432 1321 residui
1456 1252 1550 1343 pretii
1581 1245 1583 1252 ’

289 1397 361 1447 esse
376 1379 604 1462 constitutam,
625 1379 885 1448 commissoriam
902 1374 1005 1468 legem
1019 1398 1103 1471 quae
1115 1387 1221 1446 totam
1233 1377 1405 1448 resolverit
1419 1377 1551 1470 emptio·

287 1525 359 1572 nem
378 1503 536 1598 adjectam
554 1526 619 1574 non
639 1525 726 1573 esse:
744 1504 958 1596 nequeenim,
978 1501 1033 1571 nbi
1046 1502 1117 1596 jam
1135 1503 1259 1572 nullum
1275 1515 1363 1574 esset
1375 1505 1549 1596 negotium,

289 1628 326 1698 de
339 1627 400 1698 fide
413 1629 579 1722 perdunda
592 1627 742 1700 venditor
754 1629 841 1722 loqui
860 1631 1030 1722 potuisset.
1058 1631 1168 1722 itaque
1181 1641 1308 1723 perstat
1322 1632 1438 1722 emptio
1455 1631 1551 1699 etiam

287 1765 364 1847 post
390 1755 478 1825 illam
504 1756 601 1841 diem,
631 1767 662 1825 et
690 1767 797 1825 tamen
824 1754 916 1824 alteri
944 1777 1016 1825 sese
1040 1754 1247 1826 venditurum
1273 1755 1443 1850 pollicetur
1467 1756 1549 1826 leno.

289 1880 374 1973 quod
393 1884 422 1952 si
440 1861 552 1968 faciet,
577 1882 671 1953 fidem
689 1881 837 1951 videlieet
860 1880 986 1975 perdet,
1015 1892 1111 1975 atque
1138 1882 1317 1976 quindecim
1342 1885 1439 1951 etiam
1457 1883 1551 1952 resti·

288 2005 425 2077 tuendae
452 2018 546 2077 erunt
570 2009 683 2076 minae.
724 2018 759 2076 at
782 2017 873 2099 patet
897 2007 941 2075 nil
965 2007 1052 2077 ultra
1075 2009 1248 2101 periclitari
1266 2009 1429 2093 lenonem,
1447 2029 1551 2100 neque

211 2117 212 2122 ¹
289 2134 447 2203 notionem
467 2156 539 2204 esse
557 2133 650 2204 militi
669 2135 804 2225 emptori
823 2155 886 2226 qua
906 2136 1011 2224 ipsam
1032 2144 1124 2226 petat
1141 2134 1316 2204 mulierem.
1349 2133 1459 2204 nullus
1478 2156 1551 2226 pro·

288 2257 372 2328 lecto
390 2262 505 2351 viginti
529 2262 625 2329 minis
644 2258 825 2329 venditaret
848 2259 989 2351 puellam
1013 2259 1101 2345 leno,
1129 2264 1182 2353 qui
1208 2283 1246 2330 ea
1272 2237 1396 2331 amissa
1422 2282 1501 2330 mox
1518 2262 1552 2330 in

288 2382 384 2478 longe
401 2384 557 2479 majorem
575 2397 689 2478 posset
709 2383 913 2454 condemnari
930 2389 1108 2478 pecuniam.

377 2508 434 2580 sed
462 2510 537 2604 quid
563 2534 660 2605 porro
687 2515 721 2581 in
745 2511 906 2582 Pseudolo
934 2523 1053 2605 agatur
1079 2511 1293 2584 enarrandum
1319 2523 1379 2584 est.
1421 2510 1552 2583 advenit
1674 2555 1677 2561 ,

289 2632 398 2706 militis
418 2659 535 2707 servus
556 2636 631 2724 (Π2
651 2634 700 2725 1);

334 2782 365 2847 hi
387 2782 444 2848 loei
468 2794 538 2849 sunt
561 2797 647 2872 atque
671 2785 725 2848 hae
748 2785 882 2872 regiones
906 2806 980 2872 quae
1002 2787 1043 2849 mi
1066 2784 1102 2849 ab
1125 2784 1198 2851 hero
1217 2798 1287 2849 sunt
1304 2783 1527 2862 demonstratae,

333 2905 367 2956 ut
390 2913 444 2980 ego
470 2892 561 2956 oeulis
584 2895 728 2958 rationem
752 2895 835 2979 eapio
860 2914 947 2979 quam
969 2896 1009 2956 mi
1032 2895 1073 2958 ita
1096 2892 1172 2958 dixit
1194 2894 1283 2957 herus
1306 2915 1388 2958 meus
1414 2893 1506 2972 miles,

334 3003 471 3086 septimas
495 3021 557 3064 esse
581 2999 659 3064 aedis
683 3023 700 3064 a
722 3014 824 3088 porta,
849 2999 901 3064 ubi
924 3001 970 3064 ille
994 3000 1108 3066 habitat
1129 3002 1196 3066 leno
1220 3003 1292 3089 quoi

207 3180 216 3200 ι
328 3108 421 3194 jussit
442 3107 609 3195 symbolum
624 3110 677 3173 'me
701 3108 774 3174 ferre
798 3121 827 3174 et
849 3109 908 3175 hoe
931 3089 1092 3197 argentum.

291 3261 420 3335 obvenit
436 3265 482 3336 illi
499 3266 696 3338 Pseudolus:

290 3435 318 3477 v.
336 3414 388 3479 22.
446 3436 513 3502 esne
536 3427 570 3478 tu
593 3438 630 3478 an
652 3438 713 3479 non
736 3436 766 3477 es
790 3412 825 3478 ab
849 3413 899 3478 illo
923 3415 1012 3478 milite
1034 3411 1220 3490 Macedonio,

448 3541 550 3587 servos
574 3524 636 3609 ejus
661 3525 712 3610 qui
735 3522 803 3586 hina
826 3521 951 3586 anobis
975 3534 1019 3586 est
1041 3534 1185 3587 mercatus
1206 3520 1378 3585 mulierem?

448 3635 499 3719 qui
521 3635 634 3718 argenti
656 3631 728 3696 hero
752 3652 816 3695 meo
839 3630 938 3694 lenoni
961 3628 1126 3718 quindecim
1150 3629 1269 3694 dederat
1291 3631 1394 3706 minas,

449 3742 578 3826 quinque
602 3738 695 3805 debet.

290 3895 373 3968 idem
390 3891 527 3967 fallaciis
547 3896 629 3968 adit:

291 4059 319 4100 v.
337 4034 387 4100 30.
422 4048 493 4100 tune
516 4032 662 4101 attulisti?
695 4033 731 4098 H.
757 4047 880 4122 egomet.
915 4034 965 4098 Ps.
991 4033 1063 4120 quid
1086 4031 1203 4097 dubitas
1227 4031 1316 4097 dare?

361 4205 368 4222 ,
422 4143 459 4208 Η.
483 4143 537 4208 tibi
561 4167 615 4232 ego
641 4143 727 4207 dem?
760 4142 809 4206 Ps.
828 4142 900 4205 mihi
921 4141 1017 4206 hercle
1039 4163 1120 4218 vero,
1145 4143 1196 4228 qui
1213 4162 1259 4204 res
1282 4141 1469 4226 rationesque
1492 4139 1555 4203 heri

422 4249 562 4316 Ballionis
586 4275 657 4317 euro
681 4262 834 4338 argentum
858 4263 975 4336 aeoepto
1000 4270 1145 4336 expenso,
1175 4262 1204 4313 et
1227 4251 1298 4336 quoi
1322 4246 1408 4314 debet
1431 4246 1509 4312 dato.

293 4398 350 4472 sed
375 4399 512 4494 Harpax
541 4400 593 4470 ille
624 4404 793 4493 pecuniam
824 4422 890 4470 non
917 4399 1033 4482 eredit,
1068 4397 1237 4491 epistolam
1269 4397 1369 4468 eredit
1395 4395 1554 4466 Pseudolo

293 4527 336 4616 (v.
352 4525 401 4598 52
417 4525 507 4619 sep).
541 4530 596 4620 qui
612 4550 717 4597 novos
738 4527 850 4597 dehine
870 4528 968 4595 struit
988 4524 1088 4613 dolos¹
1099 4523 1138 4611 (ll
1154 4524 1176 4596 4
1193 4523 1272 4612 ott:

379 4665 432 4730 sed
455 4665 527 4751 quid
549 4665 599 4729 illo
623 4688 653 4730 es
677 4664 819 4730 aeturus?
851 4664 901 4729 Ps.
920 4663 1022 4729 dicam.
1056 4663 1108 4728 ubi
1131 4663 1279 4726 hominem
1303 4680 1495 4737 exomavero,
