3688 5372
921 246 943 316 7

419 439 457 498 ἐἰ
480 458 543 513 aes,
569 435 679 502 habent
701 437 772 500 dant
794 459 927 502 mercem.
963 437 1063 502 eadem
1085 459 1140 501 nos
1165 436 1318 524 disciplina
1341 442 1467 504 utimurt

432 565 546 632 semper
569 544 700 609 oculatae
723 557 842 610 nostrae
866 567 968 610 manus
993 557 1077 622 sunt,
1102 545 1226 610 creduut
1249 545 1332 634 quod
1349 545 1460 610 vident.

300 696 354 787 qui
376 703 486 764 tamen
510 693 603 764 locus
627 691 710 761 idem
738 694 859 764 multas
887 695 962 764 olim
989 692 1108 786 probat
1132 693 1184 762 vel
1211 698 1429 786 pretiosarum
1457 715 1568 780 rerum

300 822 476 913 emptiones
494 821 541 888 ita
558 820 727 890 institutas
751 818 871 903 fuisse,
898 831 936 889 ut
952 822 1062 911 ipsum
1079 830 1212 911 pactum
1231 823 1325 912 pretii
1344 821 1464 891 solutio
1484 845 1567 890 mer-

300 949 410 1039 cisque
428 944 557 1015 traditio
575 967 640 1027 nou
658 947 807 1036 proxime
826 956 1024 1036 sequeretur.
1057 948 1258 1037 nequeenim
1274 947 1359 1038 quod
1373 949 1567 1038 turpissima

301 1072 415 1141 mulier
429 1069 552 1140 Graeca
568 1069 629 1140 fide
647 1073 785 1140 mercari
802 1081 903 1141 vocat
921 1094 960 1141 ac
979 1092 1059 1140 suae
1080 1069 1265 1162 discipliuae
1280 1072 1447 1164 exemplar
1461 1083 1569 1143 osteu-

303 1197 362 1281 dit,
383 1195 416 1266 id
433 1199 542 1288 ipsum
560 1195 664 1266 luisse
682 1191 813 1266 videtur
830 1196 916 1289 quod
935 1200 1023 1266 cives
1042 1196 1208 1268 Romanos
1232 1201 1266 1268 iu
1284 1195 1495 1290 amplioribus
1514 1220 1569 1268 ne-

302 1325 398 1416 gotiis
419 1343 551 1392 servare
571 1321 686 1391 solitos
705 1321 809 1392 fuisse
828 1332 968 1392 constat.

383 1449 454 1542 jam
473 1450 502 1517 si
520 1470 659 1540 quaeras
680 1451 734 1540 qui
752 1448 876 1518 factum
896 1450 939 1518 sit
957 1458 995 1517 ut
1012 1450 1178 1540 pactiones
1197 1448 1348 1542 implendi
1366 1471 1491 1518 morem
1505 1448 1569 1518 Ro·

300 1576 388 1644 mani
412 1585 557 1643 tenerent
582 1597 657 1644 cum
679 1573 777 1644 nullis
805 1573 1086 1668 obstringerentur
1108 1573 1307 1660 actionibus,
1320 1645 1321 1648 ,
1335 1573 1455 1644 bonam
1473 1574 1568 1644 fidem

299 1688 403 1770 luisse
420 1698 544 1771 videbis
570 1722 652 1792 qum
675 1711 753 1770 tuuc
779 1703 921 1770 maxime
939 1699 1060 1791 placita
1079 1700 1266 1770 custodiret.
1304 1700 1357 1770 hic
1377 1723 1456 1771 sanc
1474 1701 1567 1771 locus

299 1849 365 1896 uon
383 1838 433 1896 est
446 1825 517 1911 ubi,
538 1848 619 1917 quac
637 1829 671 1894 in
686 1829 912 1918 autieprissimo
927 1827 1002 1919 jure
1014 1824 1087 1894 fidei
1101 1828 1153 1895 vis
1167 1825 1281 1910 buerit,
1303 1825 1496 1910 edisseram3
1515 1848 1568 1895 ue·

300 1921 362 2046 que
382 1955 464 2021 cuim
481 1951 514 2022 id
526 1954 640 2044 paucis
656 1949 787 2021 absolvi
801 1954 917 2045 possit.
951 1950 1009 2020 sed
1029 1962 1159 2021 constat
1171 1951 1267 2022 fidem
1287 1975 1328 2022 ex
1348 1976 1384 2022 eo
1404 1955 1567 2045 cognosci,

300 2078 386 2172 quod
404 2077 555 2171 quicquid
580 2076 753 2147 debeamus
779 2088 1003 2169 praestemus,
1030 2099 1164 2170 eamque
1189 2081 1345 2170 optimam
1372 2101 1444 2148 esse
1462 2077 1567 2163 iidem,

300 2227 383 2299 qrrac
401 2203 487 2297 quod
506 2203 633 2273 solvere
651 2207 724 2296 cogi
741 2225 806 2272 uon
824 2205 932 2295 possit
949 2201 1059 2272 tamen
1079 2202 1196 2273 solvat.
1232 2201 1356 2274 Graeca
1371 2204 1461 2288 fides,
1481 2202 1568 2296 quod

227 2383 236 2404 .
298 2336 332 2402 in
349 2353 449 2402 mauu
467 2353 531 2400 uou
551 2334 608 2414 sit,
627 2330 781 2422 idueque
799 2327 985 2399 babituram
1006 2350 1043 2398 sc
1060 2341 1181 2421 sperat.
1219 2329 1283 2400 alia
1302 2353 1442 2423 prorsus
1463 2329 1568 2398 bonae

275 2505 277 2508 -
298 2457 370 2528 lidei
387 2466 514 2527 natura.
556 2459 589 2525 in
607 2455 807 2526 Mostellaria
826 2458 952 2547 quaerit
970 2476 1072 2524 senex
1090 2478 1133 2524 an
1149 2454 1237 2525 bona
1256 2454 1318 2525 fide
1342 2456 1428 2527 filius
1458 2457 1569 2526 emerit

299 2583 413 2669 aedes,
433 2584 485 2653 cui
503 2604 620 2652 servus
640 2580 729 2666 (1111
752 2578 853 2666 138):

457 2811 463 2819 .
554 2758 579 2820 si
603 2753 719 2842 quidem
743 2776 773 2818 es
797 2766 949 2842 argeutum
972 2752 1157 2830 redditurus,
1181 2752 1354 2845 tumbona,

553 2866 578 2926 si
600 2861 770 2926 redditurus
793 2885 854 2926 uon
877 2884 1009 2945 es,¹nou
1031 2861 1210 2926 ornithone.

298 3096 392 3178 pater
409 3076 458 3156 'an
476 3085 624 3155 venditor
647 3083 702 3153 lilii
726 3082 820 3153 fidem
846 3093 980 3154 secutus
1008 3085 1051 3152 sit
1073 3085 1255 3174 quaeritare
1275 3083 1421 3168 videtur,
1448 3105 1567 3156 servus

299 3212 385 3308 quod
404 3211 580 3315 emptorem
598 3203 809 3284 lacerc'boua
826 3191 906 3280 fides
920 3208 1037 3302 jrrbeat
1056 3207 1176 3279 edocet,
1242 3307 1244 3312 Ι
1407 3195 1413 3212 ”

388 3349 423 3410 at
442 3348 572 3408 constat
583 3337 695 3424 ¹Plauti
714 3335 914 3429 temporibus
935 3337 1007 3430 jam
1025 3336 1130 3406 multa
1149 3346 1263 3405 contra
1281 3337 1435 3428 antiquos
1457 3358 1566 3406 mores

297 3463 387 3535 iacta
406 3486 495 3548 csse,
516 3486 619 3556 neque
639 3462 771 3533 eandem
792 3485 875 3554 quac
894 3462 970 3531 olim
988 3461 1093 3532 fuisse
1110 3460 1184 3530 fidei
1203 3464 1440 3532 auctoritatem.
1478 3462 1568 3534 nulla

299 3601 350 3662 cst
373 3588 484 3660 fabula
509 3593 585 3683 quin
610 3588 784 3660 invehatur
802 3587 1085 3658 vehementissime
1102 3591 1135 3657 iu
1154 3586 1378 3658 fraudulentos
1400 3589 1566 3681 legirupas
1611 3613 1613 3620 ’

299 3715 492 3809 sacrilegos,
519 3719 573 3809 qui
594 3715 646 3784 vel
658 3715 806 3808 juratam
825 3713 975 3808 abjurent
992 3713 1095 3784 iidem.
1135 3717 1245 3806 itaque
1262 3712 1358 3783 fidem
1382 3717 1490 3806 ipsam
1510 3737 1567 3806 pa·

297 3867 371 3914 rum
388 3844 534 3914 valuisse
553 3843 655 3934 liquet
674 3841 715 3910 ad
734 3844 842 3911 omnia
859 3843 995 3942 negotia·
1015 3839 1161 3910 tutanda.
1198 3862 1301 3932 neque
1319 3843 1465 3912 actiones
1485 3844 1567 3910 auti-

299 3973 465 4062 quissimis
492 3966 693 4061 temporibus
721 3989 793 4036 esse
818 3967 1021 4037 introductas
1047 3969 1160 4058 negari
1177 3969 1293 4058 possit.
1330 3965 1444 4058 regula
1461 3966 1565 4038 fuisso
1688 3961 1691 3966 “

298 4095 425 4166 videtur
442 4108 481 4166 ut
496 4094 650 4188 ‘epricquid
672 4093 813 4164 dedisset
833 4093 915 4163 alter
933 4093 1041 4178 alteri,
1060 4092 1144 4162 idem
1162 4091 1203 4162 ab
1225 4115 1261 4162 eo
1280 4103 1423 4188 repetere
1442 4101 1565 4186 posset.

300 4245 341 4292 cx
359 4221 546 4314 permultis,
567 4224 622 4314 qui
638 4219 703 4292 buc
723 4231 887 4313 spectant,
907 4191 988 4322 locis
1007 4241 1132 4311 paucos
1151 4219 1248 4289 liceat
1266 4217 1384 4290 afferri.

232 4381 233 4384 ¹
297 4347 524 4420 bacchicus
545 4345 577 4418 9.
607 4347 731 4418 salutat
744 4369 862 4418 servus
879 4344 1052 4416 domiuum.
1080 4348 1109 4416 is
1124 4345 1257 4416 ubinam
1269 4345 1355 4416 lilius
1372 4347 1416 4416 sit
1429 4347 1564 4438 quaerit.
1593 4442 1597 4450 Ι

297 4487 368 4546 tum
388 4485 525 4545 servus:

514 4576 619 4702 ¹quin
641 4623 676 4675 tu
697 4614 825 4698 primum
849 4610 972 4677 salutem
993 4609 1092 4676 reddis
1117 4631 1204 4699 quam
1227 4609 1316 4674 dedi?
1376 4589 1379 4595 ⁵
1465 4605 1469 4616 '
