3688 5372
816 265 843 287 ·’
897 291 945 363 ιο

214 507 216 511 ’
287 471 390 560 inisse
408 500 538 560 constat
556 485 673 575 (11188
692 511 730 559 ac
748 486 840 559 [1114
860 485 935 575 10);
954 510 1012 558 nec
1030 499 1138 558 tamen
1156 488 1300 558 lenonem
1318 487 1380 558 hac
1398 491 1547 582 pactione

288 613 481 685 obstrictum
499 615 562 684 sihi
579 617 689 686 visum
708 637 780 684 esse
799 625 951 706 apparet,
971 636 1045 684 curn
1063 614 1118 684 alii
1135 616 1212 682 item
1232 613 1363 683 eandem
1380 613 1546 687 muherem

194 781 197 788 ·
287 743 427 811 amatori
446 740 561 811 offerat
578 739 751 810 emendam.
788 761 926 831 namque
944 738 1166 809 Phaedromus
1185 750 1299 809 narrat
1317 737 1377 826 (11
1396 735 1476 825 63);

470 907 471 910 “
518 879 589 942 alias
612 899 657 943 me
679 881 776 964 poscit
797 899 852 964 pro
876 877 925 940 illa
947 879 1069 964 triginta
1090 880 1192 954 minas,

518 986 588 1050 alias
611 985 751 1050 talentum
773 1005 1046 1073 magnumneque
1069 987 1225 1106 quicquam
1248 1006 1323 1075 queo

518 1092 755 1182 aequibonique
778 1091 814 1156 ab
839 1115 873 1156 cu
896 1095 1060 1180 impetrare.

285 1263 343 1312 nec
357 1241 508 1312 mulieri'
498 1244 563 1334 rpsi
576 1263 612 1312 se
618 1237 825 1328 Phaedromo
841 1245 937 1312 etiam
951 1241 1046 1311 vendi
1059 1263 1158 1335 posse
1173 1240 1304 1311 dubium
1323 1252 1374 1311 cst
1388 1237 1414 1328 (1
1428 1238 1450 1312 3
1465 1237 1544 1328 itii:

411 1373 437 1434 si
460 1393 553 1448 amas,
579 1393 654 1449 eme3
678 1392 715 1440 ne
737 1373 864 1458 rogitcs3
888 1370 976 1435 facito
999 1383 1035 1434 ut
1056 1373 1150 1457 pretio
1173 1373 1325 1458 pervincas
1347 1383 1411 1436 tuo.
1459 1461 1461 1466 Ι

284 1496 355 1587 ipse
374 1491 507 1586 denique
523 1493 612 1579 leno,
632 1516 706 1564 cum
720 1495 852 1562 veniant
870 1496 925 1585 qui
941 1503 1099 1585 tanquam
1117 1492 1249 1564 amilite
1267 1494 1361 1564 missi
1374 1503 1545 1588 argentum

285 1619 422 1692 afferant
440 1642 479 1692 ac
496 1618 582 1692 tradi
600 1619 662 1690 sihi
679 1619 821 1713 puellam
839 1618 1019 1710 postulent,
1042 1620 1204 1712 quaeritat
1222 1615 1369 1706 (11188):

697 1747 769 1836 quid
792 1746 1009 1836 quod'juratus
1033 1748 1120 1813 sum?

284 1871 400 1942 idest:
419 1893 521 1942 vosne
541 1871 609 1964 ejus
631 1873 783 1963 emptoris
802 1873 929 1940 nomine
947 1872 1081 1956 venitis,
1102 1872 1154 1941 cui
1171 1891 1222 1938 me
1236 1867 1455 1963 jurejurando
1466 1867 1544 1940 ohh·

285 1998 383 2092 gavi?
409 2008 498 2068 estne
516 1996 579 2069 hoc
595 1995 673 2066 illud
693 1995 778 2089 quod
791 1995 903 2088 juravi
920 1996 1109 2088 negotium?
1142 1997 1201 2080 cui¹
1211 1998 1385 2089 trapezita:

863 2133 935 2221 quid
956 2133 988 2197 id
1009 2133 1098 2198 relert
1117 2147 1177 2210 tua,

698 2241 767 2306 dum
790 2253 942 2329 argentum
966 2241 1110 2328 accipias?

283 2384 374 2468 patet
393 2395 468 2466 ergo
482 2370 741 2466 jurisjurandi
708 2394 776 2442 vrm
788 2374 954 2442 minimam
974 2394 1046 2443 esse
1064 2375 1097 2442 in
1109 2371 1301 2457 lenonem,
1290 2374 1396 2466 ipsius
1412 2373 1545 2464 emptio·

283 2504 334 2570 nis
353 2521 453 2594 prope
471 2497 602 2568 nullam.

372 2647 454 2718 quac
478 2635 645 2717 praetcrea
668 2620 753 2693 hanc
773 2620 905 2694 candem
925 2634 1074 2716 spectant
1093 2646 1162 2716 emp
1165 2626 1300 2709 tionem,
1327 2627 1387 2694 etsi
1405 2622 1544 2716 probare

283 2774 347 2821 non
371 2749 503 2821 valeant
525 2748 647 2820 nullam
673 2771 714 2818 ex
740 2770 777 2818 ea
802 2760 915 2819 natam
941 2772 1014 2820 esse
1037 2753 1210 2835 achonem,
1232 2762 1345 2820 ¹tamen
1370 2750 1422 2820 hic
1448 2750 1545 2820 simul

282 2878 419 2971 proponi
438 2875 543 2960 decet,
565 2898 629 2968 qno
648 2877 753 2968 magis
773 2886 880 2946 totum
897 2880 1063 2970 negotium
1081 2875 1274 2969 perlustrari
1291 2878 1408 2969 possit.
1443 2875 1545 2947 Phae-

284 3002 433 3087 dromus,
458 3002 540 3072 alter
563 3001 615 3070 ille
633 2999 775 3071 mulieris
796 3012 941 3087 amator,
968 3004 1019 3072 cui
1040 3001 1149 3072 attulit
1168 3001 1317 3073 Curculio
1335 3002 1446 3072 militis
1465 3024 1549 3072 anu·-

282 3127 366 3212 lum‚
398 3127 535 3197 tabellas
562 3125 673 3196 militis
700 3129 828 3197 nomine
855 3131 1042 3221 consignat,
1075 3127 1192 3221 quihus
1219 3127 1313 3199 fallat
1339 3131 1542 3222 trapezitam.

284 3265 362 3326 sunt
379 3253 459 3326 haec
477 3251 579 3326 verha
595 3250 690 3322 fictae
710 3252 863 3344 epistolae
883 3251 937 3340 (Ill
955 3250 1034 3341 59):

514 3380 596 3446 miles
619 3381 731 3468 Lyconi
754 3383 785 3444 in
806 3381 958 3469 Epidauro
981 3361 1094 3470 hospiti

515 3511 570 3554 suo
595 3488 876 3576 Therapontigonus
899 3487 1106 3577 Platagidorus
1129 3490 1285 3578 plurimam

514 3596 636 3663 salutem
659 3595 737 3660 dicit.

513 3717 608 3768 tecum
633 3725 685 3768 oro
710 3716 739 3767 et
761 3725 887 3790 quaeso,
912 3707 963 3790 qni
986 3704 1039 3770 has
1063 3704 1183 3778 tabellas
1207 3705 1307 3772 afferet

514 3811 583 3888 tihi,
608 3823 642 3875 ut
665 3813 690 3875 ei
714 3810 799 3874 detur
823 3834 910 3900 quam
932 3815 998 3876 istic
1021 3817 1076 3879 erni
1099 3817 1251 3902 virginem,

514 3918 595 4006 quod
616 3931 645 3982 te
668 3931 819 4006 praesente
843 3923 909 3984 istic
932 3923 977 4009 egi
1000 3933 1087 4009 teque
1110 3923 1276 4008 interprete,

514 4038 543 4091 et
565 4048 668 4091 aurum
692 4041 721 4090 et
743 4039 862 4092 vestem
894 4029 956 4114 jam
980 4032 1036 4093 seis
1059 4041 1094 4093 ut
1117 4032 1294 4094 convenerit.

514 4147 666 4223 argentum
689 4132 740 4198 des
764 4134 862 4200 lenoni
884 4135 954 4201 huic
978 4136 1028 4201 des
1051 4139 1202 4225 virginem.

282 4281 356 4329 eum
375 4256 564 4328 Curculione
583 4256 788 4352 sycophanta
813 4257 959 4329 lenonem
977 4259 1045 4330 adit
1067 4258 1195 4329 danista
1217 4258 1369 4354 deceptus
1391 4195 1445 4350 llll
1460 4260 1540 4351 Sil:

492 4391 644 4466 argentum
667 4381 805 4466 accipias,
830 4401 896 4445 curn
918 4381 968 4445 illo
992 4383 1090 4445 mittas
1114 4382 1265 4468 virginem.

282 4509 387 4582 educit
406 4513 446 4581 ex'
466 4507 600 4580 aedibus
621 4508 769 4582 Cureuho
788 4511 954 4582 muherem
974 4509 1077 4598 (11112
1098 4509 1148 4598 1);

405 4647 460 4715 Cn.
483 4652 494 4712 i
516 4660 550 4712 tn
572 4669 656 4735 prae,
681 4652 783 4737 virg03
806 4673 868 4715 non
891 4672 967 4738 queo
992 4649 1074 4738 quod
1096 4673 1174 4738 pone
1196 4673 1242 4716 me
1265 4663 1310 4718 est
1332 4672 1456 4720 servare.
