3688 5372
905 295 948 366 11

427 501 457 553 et
478 509 583 554 aurum
606 499 635 552 et
658 499 767 552 vestem
789 507 905 552 omnem
927 508 1010 550 suam
1032 487 1144 573 ajebat,
1169 486 1310 575 quicquid
1331 488 1402 554 haec
1424 486 1554 554 haberet.
1594 567 1598 574 .

428 594 480 662 Ca.
504 617 589 660 nemo
613 597 637 658 it
658 593 775 658 infitias.
816 592 870 660 Cu.
894 607 1021 660 attamen
1043 595 1253 668 meliusculum¹
1268 607 1313 658 est
1334 617 1462 664 monere.

418 703 481 789 ny.
506 715 649 766 memento
672 704 843 788 promisisse
865 714 910 777 te,
934 704 960 765 si
984 705 1139 790 quisquam
1162 703 1238 768 hanc
1259 701 1372 768 liberali

428 831 516 874 eausa
536 832 626 874 manu
648 807 808 886 adsereret,
832 809 905 874 mihi
928 831 1043 874 omnem
1066 822 1218 898 argentum
1241 807 1388 874 redditum
1409 810 1455 887 iri,

428 920 520 982 minas
544 919 673 1006 triginta.
710 913 761 980 Ca.
784 919 951 981 meminero.
988 915 1023 984 de
1046 919 1121 982 istoc
1145 921 1263 1005 quietus
1287 929 1368 995 esto;

428 1037 458 1088 et
478 1046 556 1089 nuuc
578 1022 655 1087 idem
678 1022 754 1087 dico.
788 1022 843 1111 Ly.
868 1036 897 1087 et
920 1027 1148 1088 commeminisse
1170 1025 1242 1088 haee
1265 1045 1319 1112 ego
1342 1024 1440 1090 volam
1461 1037 1500 1088 te.

430 1129 481 1196 Ca.
499 1133 616 1196 memini
638 1143 667 1194 et
682 1134 838 1220 mancupio
857 1129 912 1195 tihi
929 1129 1015 1194 dabo.
1047 1113 1101 1196 Cu.
1122 1153 1213 1220 egone
1231 1129 1267 1194 ab
1281 1131 1385 1196 lenone
1403 1134 1557 1220 quicquam

428 1240 583 1326 mancupio
608 1237 768 1326 accipiam?
791 1237 899 1329 quibus
922 1241 969 1302 sui
992 1238 1066 1302 nihil
1088 1250 1132 1302 est
1154 1241 1210 1302 nisi
1233 1260 1293 1302 una
1314 1238 1447 1327 lingum

429 1348 481 1434 qui
503 1342 639 1431 abjurant
662 1348 686 1409 si
710 1345 782 1434 quid
805 1345 947 1412 creditum
970 1357 1022 1410 est.
1062 1346 1172 1411 alienos
1195 1349 1386 1435 mancupatis‚

389 1535 391 1540 Α
428 1454 537 1520 alienos
560 1455 779 1530 manumittitis‚
804 1453 963 1541 alienisque
986 1455 1144 1542 imperatis.

428 1585 482 1628 uec
504 1560 589 1625 vohis
613 1573 717 1624 auctor
739 1561 816 1626 ullus
840 1575 959 1626 estnec
982 1574 1097 1628 vosmet
1119 1563 1188 1626 estis
1211 1559 1273 1658 ulli.

296 1733 325 1773 v.
340 1706 393 1776 29.
429 1706 484 1774 Cu.
508 1727 562 1798 ego
585 1707 796 1792 mancipante
819 1706 861 1770 nil
887 1727 1001 1782 moror,
1032 1727 1085 1770 nec
1106 1705 1240 1772 lenonem
1263 1705 1351 1772 alium
1374 1727 1557 1796 quernquam.

299 1876 325 1915 v.
341 1849 392 1916 34.
429 1849 480 1916 Ca.
505 1847 577 1940 quid
600 1847 691 1912 stulta
711 1847 833 1935 ploras?
861 1870 897 1914 ne
919 1851 1002 1924 time,
1026 1848 1100 1914 bene
1123 1849 1360 1922 hercleveudidi
1382 1871 1437 1938 ego
1460 1861 1497 1914 te.

297 2018 325 2060 v.
342 1991 395 2061 39.
428 1995 482 2081 Ly.
500 2015 571 2057 num
591 1990 664 2081 quid
680 1992 725 2055 vis
748 1990 837 2055 leno?
872 1988 923 2056 Ca.
940 1995 1011 2056 istas
1029 1994 1122 2056 minas
1141 1991 1238 2082 decem
1256 1995 1307 2080 qui
1324 2015 1370 2058 me
1392 2015 1556 2082 procurem,

429 2101 499 2168 dum
520 2099 623 2164 melius
646 2101 685 2164 sit
706 2098 794 2175 mihi,
820 2097 879 2163 des.
914 2099 969 2187 Ly.
995 2095 1152 2166 dabuntur.
1189 2122 1251 2166 cras
1274 2103 1335 2188 peti
1353 2099 1469 2196 jubeto.

296 2249 427 2321 tandem
442 2250 514 2320 leno
532 2246 617 2318 unde
633 2250 703 2340 ipse
723 2250 835 2318 emerit
852 2246 1018 2317 mulierem
1035 2259 1164 2318 narrat:

297 2412 326 2455 v.
342 2387 394 2456 42.
428 2411 496 2453 nam
517 2387 603 2452 illanc
625 2387 710 2450 minis
735 2385 804 2450 olim
827 2385 925 2450 decem
947 2385 1074 2473 puellam
1095 2381 1248 2472 parvolam
1271 2387 1335 2463 emi,

429 2496 481 2561 sed
504 2517 569 2561 eum
592 2497 644 2582 qui
665 2497 707 2557 mi
728 2493 807 2557 illam
829 2492 962 2558 vendidit
984 2515 1136 2582 nunquam
1157 2494 1277 2581 postilla
1298 2492 1370 2558 vidi.

366 2662 368 2666 .
405 2605 550 2701 'periisse
574 2601 671 2667 credo.
707 2601 779 2687 quid
800 2600 832 2664 id
853 2623 917 2666 mea
938 2600 1048 2666 refert?
1081 2623 1138 2690 ego.
1159 2615 1312 2690 argentum
1333 2597 1439 2682 habeo.

298 2767 334 2826 at
350 2753 433 2826 redit
449 2753 558 2837 miles,
577 2754 685 2845 poscit
701 2749 866 2822 mulierem
885 2747 991 2836 (11114
1007 2748 1060 2833 8);

429 2909 481 2975 sed
504 2909 576 2997 quid
598 2910 659 2997 agit
687 2927 782 2971 meum
810 2908 1030 2972 mercimonium
1053 2904 1133 3010 apud
1154 2904 1207 2969 te?
1241 2902 1292 2970 Ca.
1315 2905 1389 2970 nihil
1412 2907 1493 2994 apud
1513 2930 1559 2974 me

429 3148 466 3191 ne
488 3124 576 3190 facias
599 3135 702 3200 testes,
727 3143 821 3209 neque
845 3120 979 3208 equidem
1002 3120 1094 3185 debeo
1119 3013 1471 3209 Wamefflqlfipquid
1494 3123 1560 3189 est?

433 3231 485 3298 Ca.
509 3229 593 3320 quod
614 3229 658 3296 fui
675 3232 794 3316 juratus
817 3227 881 3294 feci.
918 3229 975 3293 Th.
999 3227 1136 3294 reddisne
1160 3252 1197 3293 an
1218 3251 1280 3294 non
1301 3231 1453 3318 virginem,

430 3344 603 3429 priusquam
625 3352 654 3403 te
676 3338 746 3403 huic
767 3357 847 3401 meae
869 3336 1037 3401 machaerae
1061 3335 1199 3414 obiciam,
1223 3336 1379 3426 mastigia?

299 3507 385 3603 quod
402 3519 513 3578 actum
532 3508 576 3576 sit
593 3501 684 3576 audit
701 3505 810 3589 miles,
831 3494 1268 3596 Curculionemaggreditur.
1301 3504 1359 3575 sed
1371 3505 1443 3600 jam
1456 3506 1558 3580 Phae·

300 3635 432 3707 dromus
451 3629 586 3704 liberam
604 3633 742 3703 amicam
759 3641 872 3702 natam
891 3652 964 3700 esse
980 3629 1140 3701 intellexit
1157 3627 1234 3716 (V2
1255 3627 1330 3718 1tt:

822 3789 906 3876 virgo
930 3763 1001 3852 haee
1024 3784 1115 3852 libera
1138 3797 1191 3850 est.
1237 3817 1238 3820 ¹
1321 3847 1323 3851 .

431 3897 490 3962 Th.
513 3917 614 3961 meane
637 3894 740 3959 ancilla
762 3892 853 3959 libera
875 3907 910 3958 ut
926 3898 978 3972 sit,
1003 3915 1091 3982 quam
1109 3915 1164 3982 ego
1181 3913 1332 3979 nunquam
1351 3897 1433 3960 emisi
1449 3897 1561 3962 manu?

430 4004 485 4069 Ph.
508 4007 576 4092 quis
599 4002 654 4068 tihi
676 4003 752 4068 hanc
774 4001 855 4066 dedit
876 4000 1055 4088 mancupio?
1085 4013 1137 4066 aut
1158 4001 1236 4066 unde
1260 4001 1377 4066 emisti?
1399 4000 1445 4068 sac
1462 4007 1558 4069 sciam.

433 4113 490 4176 Th.
513 4133 569 4200 ego
594 4111 711 4198 quidem
733 4131 789 4198 pro
812 4113 885 4174 istac
906 4131 968 4176 rem
992 4110 1068 4174 solvi
1090 4107 1127 4173 ab
1150 4112 1390 4196 trapezita'meo,

433 4241 520 4316 quarn
543 4241 597 4308 ego
620 4222 774 4307 pecuniam
796 4217 1017 4306 quadruplicem
1039 4217 1092 4282 abs
1115 4230 1144 4282 te
1167 4229 1196 4281 et
1218 4218 1322 4284 lenone
1345 4217 1483 4286 auferam.

268 4405 271 4412 ’
300 4399 465 4484 postremo
482 4388 570 4473 leno,
596 4386 681 4479 quod
704 4388 888 4480 repromisit
910 4387 939 4454 si
957 4383 1073 4456 mulier
1088 4383 1212 4456 liberali
1229 4407 1329 4456 manu
1347 4386 1559 4476 adsererctur,

300 4515 430 4588 reddere
457 4525 628 4610 argentum
658 4515 820 4606 poscitur,
853 4535 892 4582 ac
920 4512 1151 4584 condemnatur
1178 4533 1199 4580 a
1224 4511 1424 4582 Phaedromo
1451 4513 1560 4608 judice

302 4654 433 4736 sumpto
453 4645 537 4714 inter
556 4640 777 4734 Cappadocem
796 4650 828 4710 et
850 4637 984 4712 militem
1002 4637 1044 4726 (V
1060 4637 1081 4727 3
1099 4637 1143 4710 31
1162 4678 1204 4690 -
1217 4636 1282 4710 45;
1302 4637 1341 4710 cf.
1358 4635 1379 4710 2
1396 4636 1445 4711 66
1458 4678 1501 4690 -
1514 4639 1560 4726 9.)
