3688 5372
389 461 433 524 3:
479 483 524 526 nee
546 459 600 526 citt
623 459 698 523 tao
720 479 807 548 pesse
828 459 936 546 epm
955 454 1101 518 luculente
1124 454 1257 520 vendere.
1277 493 1312 504 «-

481 567 550 634 dete
572 566 688 653 quotae
709 565 801 634 Μ
822 585 859 632 ue
880 565 1000 628 minoris
1023 561 1131 628 vendas
1154 585 1242 649 quam
1264 584 1318 650 ego
1342 566 1397 628 emi
1419 575 1510 650 pater.

484 711 513 721 -
543 685 604 739 tace
627 673 725 740 meeis
757 693 845 738 senex
869 682 912 736 est
935 668 1067 756 quidam,
1092 672 1143 757 qui
1166 670 1242 734 illam
1265 669 1416 736 mandavit
1436 670 1506 734 mihi

478 793 510 846 ut
525 802 645 848 emerem
660 779 716 846 stet
733 777 770 846 ad
791 781 874 844 istam
891 775 1000 842 faeiem.
1022 814 1057 823 -
1084 789 1115 860 at
1130 777 1248 864 quidam
1265 777 1442 852 adulescens,
1465 788 1553 864 pater,

476 887 546 952 milti
568 885 713 954 mandavit
737 885 773 952 ad
797 889 887 950 istane
910 881 1024 960 faeiem,
1050 886 1090 947 ita
1112 895 1146 947 ut
1168 883 1217 947 illa
1240 897 1297 960 est,
1322 906 1445 949 emerem
1468 883 1532 950 sibi.

481 1033 508 1042 -
543 995 643 1084 viginti
667 995 750 1060 mittis
773 993 878 1081 opitmr
900 1013 987 1079 posse
1010 1013 1055 1055 me
1078 991 1154 1054 illam
1178 991 1310 1056 vendere.

481 1139 508 1148 -
539 1111 568 1164 at
591 1121 645 1190 rgo
669 1103 693 1166 si
717 1098 814 1176 velint,
834 1100 895 1184 jam
919 1095 1026 1162 dantur
1048 1111 1158 1185 septem
1181 1110 1209 1163 et
1231 1101 1334 1186 viginti
1356 1101 1462 1164 minae.

477 1211 694 1298 (conserantur
712 1214 877 1304 sequentia
900 1207 1017 1297 etiam).

371 1354 436 1416 111.
470 1373 598 1438 aeaego
615 1349 691 1416 illam
706 1352 860 1437 mancupio
876 1351 985 1435 accepi,
1006 1347 1057 1414 sed
1072 1347 1119 1411 ille
1133 1349 1210 1412 illam
1226 1351 1354 1434 accipiet.
1376 1386 1410 1396 -
1430 1351 1500 1412 sine.
1517 1384 1553 1400 -

470 1479 528 1521 noa
549 1469 635 1544 potes
660 1469 693 1521 tu
714 1457 775 1544 lege
799 1455 922 1521 vendere
945 1455 1032 1519 illam.
1061 1494 1095 1502 —
1123 1477 1177 1544 ego
1201 1455 1312 1543 aliquid
1335 1456 1446 1523 videro.
1473 1495 1506 1508 -

468 1577 536 1651 post
559 1577 655 1628 autem
679 1565 855 1629 communist
876 1563 925 1627 illa
947 1562 1018 1628 mihi
1042 1585 1108 1628 curn
1130 1564 1203 1640 alio,
1229 1566 1279 1652 qui
1304 1567 1365 1630 scio

470 1669 539 1758 qnid
562 1675 601 1734 sit
622 1673 648 1736 ei
670 1673 773 1747 animi,
796 1673 932 1735 venirene
954 1692 1016 1734 eam
1039 1670 1109 1735 velit
1131 1694 1168 1735 an
1189 1693 1251 1734 non
1273 1670 1351 1734 velit.

369 1799 433 1864 tlt.
467 1793 535 1884 quid
557 1795 589 1858 id
610 1819 673 1860 mea
695 1794 860 1860 1111111-
888 1798 957 1882 quia
979 1796 1019 1859 illi
1043 1817 1126 1859 suam
1148 1817 1207 1859 rem
1231 1817 1294 1860 esse
1313 1817 1438 1882 aequom
1459 1808 1503 1861 est
1524 1799 1555 1862 in

1298 1924 1395 1966 manu.

369 2027 432 2096 lte.
588 2031 671 2114 prius
693 2040 728 2092 tn
751 2030 821 2091 emis
844 2049 932 2114 quam
956 2027 1067 2104 vendo,
1093 2040 1185 2115 pater.

468 2137 580 2201 neseio.
604 2139 737 2224 inquam,
762 2135 832 2198 velit
854 2135 901 2199 ille
924 2134 1000 2198 illam
1024 2157 1077 2201 nec
1098 2158 1135 2199 ne
1158 2134 1354 2201 abalienarier.

476 2281 501 2290 -
530 2242 584 2306 sed
605 2243 646 2306 illi
668 2241 807 2331 quoidam
831 2245 882 2328 qui
904 2242 1053 2306 mandavit
1074 2241 1142 2319 tibi,
1167 2245 1192 2306 si
1215 2245 1335 2320 emitur,
1360 2237 1423 2310 tuln
1439 2243 1531 2310 volet:

462 2357 489 2414 si
510 2371 568 2437 ego
590 2372 655 2414 emo
678 2350 720 2415 illi
743 2352 794 2437 qui
816 2346 982 2424 mandavit,
1004 2361 1067 2414 tum
1089 2348 1136 2414 ille
1159 2349 1261 2416 nolet?

366 2471 421 2542 lii
661 2478 732 2562 quin
755 2475 793 2539 ad
814 2477 912 2538 navim
931 2475 992 2559 jam
1015 2474 1084 2538 hinc
1107 2496 1151 2538 eo.

468 2585 505 2646 11
527 2581 647 2647 venibit.

334 2696 347 2770 ἶ
383 2711 427 2774 tt.
457 2705 560 2772 'ledaei
582 2720 616 2771 ut
638 2720 723 2795 putet
744 2710 829 2773 matri
853 2707 984 2772 ancillam
1007 2720 1132 2794 emptam
1157 2730 1219 2772 esse
1243 2707 1329 2773 illam.

460 2835 542 2880 mue
562 2819 588 2878 si
612 2814 677 2879 dieo
700 2818 745 2879 uti
767 2837 814 2880 res
838 2829 896 2892 est,
922 2827 1009 2901 atque
1031 2814 1109 2878 illam
1131 2814 1202 2878 mihi
1225 2839 1270 2903 me

459 2925 565 2988 unisse
586 2922 699 2998 indico,
725 2922 971 3010 quemadmodum
995 2925 1152 2986 existumet
1173 2923 1241 2986 me?

460 3043 550 3118 etque
572 3031 650 3094 illam
673 3029 839 3108 abstrahat,
864 3043 945 3096 trans
967 3051 1047 3096 mare
1069 3028 1137 3093 hinc
1160 3053 1265 3095 venum
1290 3044 1429 3120 asportet.

313 3212 317 3231 ι
350 3192 359 3240 1
394 3176 425 3238 l.
458 3177 549 3238 uice
571 3176 663 3237 amieo
689 3195 807 3261 operam
831 3173 913 3251 dedi3
938 3176 1052 3237 vicinus
1077 3174 1159 3260 quod
1180 3178 1305 3263 rogavit,

461 3279 519 3346 loc
540 3284 596 3345 emi
617 3283 846 3346 mercimoniam.
884 3303 948 3346 mea
970 3304 1001 3345 es
1024 3294 1066 3345 tu.
1103 3303 1224 3368 sequere
1248 3304 1325 3347 sane.
1394 3289 1395 3294 ’

388 3398 423 3471 d.
457 3409 634 3471 entremenis
657 3405 725 3470 me?

372 3532 423 3596 11.
457 3535 553 3596 oratio
577 3531 681 3617 edepol
703 3531 797 3618 pluris
821 3543 866 3594 cst
888 3531 980 3617 hujus
1003 3553 1091 3619 quam
1114 3536 1217 3619 quanti
1239 3535 1311 3599 haee
1333 3548 1430 3621 empta
1453 3548 1505 3599 est.

367 3649 423 3723 &it
792 3669 846 3721 tuo
870 3658 942 3722 hero
965 3656 1115 3745 redempta
1137 3680 1167 3722 es
1193 3681 1307 3724 rursus.

460 3786 515 3852 ego
538 3764 645 3828 redemi
668 3775 705 3826 te.
745 3763 791 3828 ille
815 3764 881 3828 med
904 3767 1008 3828 oravit.

352 3885 421 3958 'dd-
455 3902 553 3977 empta
575 3901 619 3952 est
641 3890 733 3954 amica
755 3889 827 3954 clam
849 3911 944 3954 uxore
967 3912 1031 3954 mea
1053 3903 1082 3956 et
1103 3891 1173 3955 filio.

298 4033 319 4105 'l
344 4029 421 4102 liii.
603 4045 673 4096 tuus
688 3992 781 4118 'pater
803 4033 867 4096 volt
888 4032 1014 4096 vendere
1041 4071 1076 4082 -
1104 4055 1218 4098 omnem
1241 4055 1300 4097 rem
1323 4047 1404 4098 tenes

464 4175 498 4187 -
524 4152 605 4203 tuam
630 4142 759 4204 amicam.

372 4263 421 4334 18.
455 4341 458 4346 ⁴
603 4278 691 4354 atque
713 4267 838 4330 eximam

458 4370 607 4436 mulierem
629 4371 749 4458 pretio?
776 4410 811 4420 —
839 4375 889 4460 qui
911 4376 1012 4460 potius
1036 4394 1123 4460 quam
1146 4395 1219 4438 auro
1244 4375 1402 4462 expendas.

369 4495 421 4564 22.
455 4500 531 4562 tanti
555 4499 656 4584 quanti
679 4501 791 4584 poscit,
816 4501 866 4562 vin
889 4502 963 4564 tanti
986 4498 1063 4562 illam
1087 4499 1163 4562 emi?
1188 4538 1222 4546 -
1250 4505 1410 4569 auctarium

459 4603 595 4691 adjicito,
620 4605 666 4669 ve'l
688 4604 765 4670 mille
788 4628 939 4672 nummum
962 4606 1029 4691 plus
1054 4627 1141 4692 quarn
1164 4621 1275 4694 poscet.
