3688 5372
881 267 926 338 17

404 464 462 529 Th.
480 461 530 528 dat
547 459 690 549 prolecto.
722 458 774 522 Tr.
792 463 865 546 quin
880 472 909 523 et
924 459 1006 522 illum
1021 458 1115 543 injus
1127 456 1199 543 jube
1216 461 1268 522 ire.
1293 457 1351 522 Th.
1366 458 1429 542 jam
1443 479 1537 524 mane.

405 575 548 658 experiar,
566 581 600 632 ut
615 569 731 654 opinor.
756 579 866 630 certum
882 580 926 631 est
941 566 1021 630 mihi.
1048 565 1099 628 Tr.
1115 565 1187 629 mihi
1202 565 1281 629 hunc
1296 565 1443 630 hominem
1456 563 1538 630 cedo.

405 678 463 742 Th.
489 676 561 764 quid
584 679 608 740 si
631 677 722 762 igitur
744 696 799 762 ego
823 696 966 740 arcessam
989 671 1147 739 homines?
1185 671 1236 739 Tr.
1261 672 1370 738 sactum
1391 673 1453 759 jam
1476 695 1538 738 esse

1238 785 1378 870 oportuit.
1593 864 1595 870 Α

406 891 450 956 vel
465 893 612 957 hominem
623 889 696 977 jube
711 893 867 977 mancupio
880 887 965 956 aedes
980 891 1074 979 posci.
1099 887 1157 956 Th.
1174 893 1233 954 imo
1249 888 1307 954 hoc
1319 892 1446 978 primurn
1458 890 1538 967 volo,

405 1002 570 1087 quaestioni
595 1002 723 1085 accipere
750 1021 861 1063 servos.

273 1147 301 1189 v.
321 1121 374 1190 49.
405 1127 473 1213 quia
494 1129 569 1192 enim
593 1124 625 1190 id
646 1145 782 1190 maxume
803 1125 873 1190 volo
897 1137 932 1189 ut
954 1125 995 1188 illi
1017 1128 1092 1189 istoc
1116 1120 1166 1207 (ad
1184 1145 1263 1189 aram
1281 1120 1334 1208 sc.)
1358 1125 1539 1213 confugiant.

282 1224 284 1230 ’
1307 1237 1378 1299 sine.

402 1354 484 1407 tanto
509 1340 588 1430 apud
606 1341 735 1428 judicem
758 1342 837 1406 hunc
860 1345 973 1429 argenti
996 1339 1197 1406 condemnabo
1220 1339 1342 1407 facilius.

403 1450 456 1515 Tr.
480 1449 563 1538 quod
586 1453 663 1537 agis,
688 1448 719 1512 id
742 1471 821 1537 agas.
861 1448 933 1536 quid
956 1461 990 1512 tu
1012 1470 1103 1534 porro
1129 1471 1223 1512 serere
1246 1452 1291 1513 vis
1316 1449 1490 1538 negotium?

402 1562 496 1623 nescis
519 1571 554 1622 tu
577 1579 664 1644 quam
687 1556 859 1622 meticulosa
880 1579 927 1620 res
952 1559 1054 1621 sitire
1078 1556 1115 1620 ad
1133 1554 1284 1642 judicem?

270 1736 322 1809 at,
349 1728 499 1818 quamvis
518 1724 746 1795 meticulosum
772 1727 815 1794 sit
833 1723 920 1794 adire
934 1722 1093 1826 judicem,
1120 1734 1211 1816 patet
1227 1747 1327 1817 posse
1346 1724 1442 1809 adiri,
1468 1748 1540 1796 esse

272 1871 406 1921 causam
427 1874 485 1922 cur
503 1854 587 1921 actio
606 1850 802 1921 intendatur.
843 1850 899 1920 sed
920 1871 1002 1944 quae
1020 1850 1101 1920 haec
1121 1861 1172 1919 est
1193 1851 1303 1920 actio?
1336 1863 1448 1944 sperat
1466 1875 1539 1922 sese

272 1999 372 2046 senex
392 1977 618 2048 adversarium
637 1976 723 2070 apud
737 1977 879 2070 judicem
898 1979 1025 2070 argenti
1040 1976 1339 2070 condemnaturum.
1368 1988 1539 2071 argentum

272 2125 348 2196 ergo
362 2126 427 2173 non
441 2102 536 2173 aedes
551 2107 617 2196 peti
630 2115 772 2196 possunt
778 2129 786 2187 ;
803 2114 934 2173 constat
950 2106 1032 2172 enim
1047 2114 1123 2173 tunc
1139 2106 1293 2195 temporis
1306 2126 1399 2174 reum
1413 2127 1543 2198 semper

269 2230 302 2297 in
319 2249 388 2297 rem
405 2231 511 2322 ipsam
528 2229 631 2300 fuisse
646 2228 932 2299 condemnandum.
960 2251 1075 2298 verum
1090 2239 1277 2320 argentum,
1299 2229 1385 2322 quod
1398 2240 1538 2322 petatur,

269 2353 369 2447 liquet
396 2378 480 2426 esse·
495 2355 671 2427 arrhaboni
696 2354 824 2440 datum,
851 2355 892 2425 ad
917 2358 1024 2448 ipsam
1050 2357 1241 2448 emptionem
1266 2353 1461 2448 implendam
1485 2360 1540 2449 agi

269 2501 334 2550 non
352 2503 451 2573 posse
470 2493 568 2574 patet.

357 2609 435 2675 item
454 2629 536 2699 quae
554 2611 587 2677 in
604 2606 750 2676 Rudente
768 2629 821 2676 res
842 2609 1001 2698 agitatur,
1022 2617 1204 2698 competere
1224 2610 1359 2700 emptori
1379 2610 1539 2680 actionem

270 2733 311 2802 ad
329 2731 545 2802 arrhabonem
563 2732 786 2825 repetendum,
805 2755 871 2802 non
890 2743 1081 2824 competere.
1092 2730 1133 2801 ad
1153 2732 1348 2803 destinatam
1366 2734 1538 2826 petendam

270 2881 417 2943 mercem,
438 2857 572 2928 dilucide
589 2857 799 2929 demonstrat.
828 2859 904 2951 quid
917 2861 1038 2951 negotii
1057 2868 1187 2951 gestum
1207 2862 1260 2944 sit,
1281 2881 1323 2929 ex
1341 2859 1476 2952 prologo
1491 2864 1539 2931 vi·
1568 2929 1577 2944 ,

270 2984 418 3055 deamus:

269 3146 297 3188 v.
313 3121 367 3190 40.
427 3144 489 3187 eam
514 3117 566 3204 (sc.
590 3117 745 3209 virginem)
770 3123 805 3185 de
828 3121 977 3209 praedone
999 3124 1045 3186 vir
1067 3134 1212 3188 mercatur
1234 3145 1399 3209 pessumus.

426 3235 451 3295 is
474 3252 537 3294 eam
560 3229 619 3293 huc
642 3228 773 3317 Cyrenas
796 3229 863 3294 leno
888 3229 1009 3295 advexit
1046 3280 1073 3294 ..
1403 3205 1411 3220 ⁸

427 3337 620 3402 adulescens.
640 3387 647 3400 .
666 3387 672 3401 .
691 3387 697 3400 .
861 3321 863 3326 ⁵
1072 3345 1075 3354 '

426 3468 488 3510 eam
512 3444 586 3509 vidit
603 3495 609 3508 .
628 3495 635 3508 .
654 3494 660 3508 .
679 3495 686 3508 .

426 3576 522 3619 amare
547 3556 694 3640 occoepit,
720 3552 758 3616 ad
781 3554 914 3618 lenonem
938 3554 1062 3631 devenit,

426 3665 512 3725 minis
536 3664 658 3749 triginta
681 3659 737 3724 sibi
761 3660 886 3747 puellam
910 3662 1045 3740 destinat,

428 3767 535 3856 datque
559 3768 753 3833 arrhabonem
777 3783 806 3834 et
822 3769 1017 3856 jurejurando
1042 3770 1149 3858 alligat.

425 3879 449 3938 is
472 3876 555 3954 leno,
579 3890 615 3941 ut
637 3900 668 3941 se
692 3898 820 3965 aequom·
840 3892 899 3956 est,
923 3879 1008 3943 flocci
1030 3900 1091 3943 non
1115 3876 1182 3940 lecit
1203 3876 1298 3942 lidem'

425 4005 519 4070 neque
544 3985 626 4072 quod
644 3987 763 4070 juratus
788 3985 965 4050 adulescenti
989 3986 1112 4050 dixerat.

267 4126 295 4166 v.
313 4101 364 4169 59.
422 4107 487 4171 leno
513 4108 705 4189 adulescenti,
730 4115 782 4198 qui
804 4111 931 4197 puellam
955 4111 991 4176 ab
1016 4134 1050 4175 eo
1075 4124 1191 4188 emerat,

425 4219 466 4278 ait
489 4237 551 4279 sese
573 4216 681 4284 Veneri
703 4220 776 4284 velle
799 4232 902 4284 votum
926 4219 1048 4284 solvere.

267 4359 295 4401 v.
312 4335 364 4403 63.
426 4341 596 4406 conscendit
618 4366 735 4422 navem,
760 4345 860 4409 avehit
882 4347 1088 4432 meretriculas.

268 4499 400 4558 constat
418 4492 520 4582 igitur
538 4495 731 4584 emptionem
751 4506 952 4566 contractam
973 4505 1157 4587 essentque
1175 4496 1309 4585 insuper
1322 4491 1534 4586 jurejurando

268 4625 382 4684 exacto
416 4615 660 4711 arrhaboneque
693 4619 768 4690 dato
798 4643 870 4693 esse
899 4620 1139 4704 confirmatam
1170 4631 1206 4689 at
1231 4619 1307 4712 quid
1335 4623 1426 4690 timet
1451 4620 1552 4705 leno,¹

1270 4743 1288 4798 2
