3688 5372
781 280 944 354 <25

172 473 175 480 ¹
288 477 373 546 11113
395 475 425 543 5.
461 477 533 540 mihi
548 499 611 540 eam
625 476 723 540 redde.
754 497 833 540 uxor
847 477 965 540 rescivit
979 497 1039 539 rem
1056 497 1185 551 omnem,
1205 487 1239 538 ut
1254 473 1361 538 factum
1377 486 1422 538 est
1437 473 1548 538 ordine.

460 590 515 672 'ego
538 583 593 648 tibi
615 582 754 649 redimam
777 581 823 646 bis
846 596 929 647 tanto
951 583 1045 670 pluris
1069 583 1174 670 pallam
1198 604 1285 670 quam
1308 582 1400 646 voles.

317 707 430 775 2115.
460 710 545 773 aliam
567 709 607 772 illi
630 707 769 774 redimam
792 709 949 772 meliorem.
1004 691 1007 698 ¹

298 850 426 920 11215.
463 852 646 929 adulescens,
672 852 780 940 quibus
804 853 851 915 hic
873 854 974 939 pretiis
996 853 1080 939 porci
1096 863 1232 928 veneunt,

461 983 556 1026 sacres
579 961 705 1026 sinceri?
732 998 767 1007 -
793 962 928 1024 nummis.
958 997 992 1006 -
1019 980 1111 1059 unum
1134 981 1152 1021 a
1173 981 1219 1024 me
1242 963 1347 1048 accipe.

334 1084 422 1152 394.
459 1085 536 1152 dicto
561 1109 605 1151 me
629 1090 697 1151 emit
720 1085 899 1161 audientem,
923 1085 1005 1150 haud
1027 1089 1230 1172 imperatorem
1254 1084 1318 1149 sibi.

289 1227 420 1295 V9d2.
454 1242 595 1319 tanquam
619 1233 643 1294 si
667 1231 768 1294 emeris
788 1251 837 1293 me
861 1240 995 1315 argento,
1019 1226 1093 1292 liber
1116 1227 1232 1294 servibo
1256 1227 1319 1319 ¹tibi.
1372 1295 1373 1300 ,

814 1421 1029 1491 Mercator.

287 1589 362 1680 prol.
381 1585 433 1654 74.
458 1607 561 1676 agrum
583 1608 614 1654 se
638 1586 816 1664 vendidisse,
841 1599 929 1673 atque
952 1609 986 1650 ea
1008 1590 1132 1674 pecunia

459 1699 558 1760 navim
580 1708 715 1761 metretas
740 1717 814 1782 quae
837 1694 1118 1781 trecentastolleret
1208 1710 1210 1716 '

460 1817 594 1891 parasse,
621 1816 708 1890 atque
731 1824 816 1889 eapse
838 1823 947 1867 merces
971 1815 1116 1867 vectatum
1141 1803 1280 1891 undique,

460 1911 533 1976 adeo
559 1911 642 1986 dum,
668 1923 828 1997 quactum
852 1908 987 1986 haberet,
1011 1913 1174 1997 peperisset
1195 1909 1283 1976 bona.
1382 1979 1383 1984 .

369 2035 422 2103 86.
458 2035 590 2101 aedificat
612 2039 710 2100 navim
733 2057 882 2099 cercurum
907 2049 936 2099 et
957 2057 1065 2102 merces
1089 2039 1166 2112 emit,

460 2157 562 2232 parata
585 2146 653 2208 navi
679 2145 813 2230 imponit.

370 2267 421 2335 92.
456 2269 597 2335 Rhodum
620 2271 753 2332 venimus
776 2266 829 2331 rubi
853 2288 925 2355 quas
948 2290 1056 2334 merces
1080 2291 1216 2334 vexeram
1265 2323 1268 2326 .

301 2364 304 2370 ’
461 2399 577 2454 omnes,
602 2389 635 2440 ut
657 2377 753 2452 volui,
778 2374 896 2439 vendidi
919 2397 957 2439 ex
979 2380 1131 2441 sententia.
1193 2393 1196 2399 '

460 2487 573 2550 lucrum
595 2488 697 2572 ingens
720 2483 811 2560 facio,
835 2497 1039 2571 praeterquam
1061 2486 1133 2550 mihi
1155 2508 1237 2551 meus
1260 2500 1343 2574 pater
1453 2499 1484 2561 ,ᾗ

462 2592 542 2659 dedit
564 2595 731 2656 aestimatos
757 2613 874 2682 merces.

354 2716 426 2784 103.
463 2713 637 2802 (mulierem)
663 2740 715 2781 oro
738 2730 774 2781 ut
796 2717 904 2781 vendat
925 2717 1005 2780 mihi.

461 2827 527 2892 dico
551 2828 614 2913 ejus
637 2849 692 2913 pro
716 2827 826 2890 meritis
849 2838 966 2919 gratum
988 2847 1033 2890 me
1057 2838 1086 2889 et
1107 2847 1224 2892 munem
1247 2827 1318 2892 lore.

461 2935 533 3022 quid
555 2933 653 2998 verbis
677 2955 753 3020 opus
777 2931 842 2996 est?
870 2935 925 2997 emi
948 2945 1035 3020 atque
1059 2932 1165 2998 advexi
1188 2934 1260 3000 heri.
1367 3003 1369 3006 ,

309 3075 426 3144 1291.
486 3073 488 3077 ’
537 3062 539 3068 ’
796 3079 882 3139 matri
905 3088 933 3140 te
956 3075 1088 3140 ancillam
1110 3091 1178 3142 tuae

461 3189 564 3251 emisse
584 3185 671 3249 illam.

319 3311 330 3331 ⁰
371 3310 423 3376 97.
659 3309 761 3384 credo,
785 3331 846 3372 non
870 3308 968 3374 credet
988 3322 1080 3397 pater,

461 3421 486 3482 si
508 3418 586 3482 illam
608 3420 694 3481 matri
717 3439 797 3482 meae
820 3419 923 3481 emisse
947 3415 1049 3481 dicam.

351 3541 423 3612 100.
458 3565 553 3631 neque
575 3543 622 3607 ille
646 3542 755 3619 credet,
780 3564 875 3630 neque
899 3542 1035 3606 credibile
1059 3556 1118 3619 est,
1142 3543 1237 3620 forma
1260 3547 1367 3611 eximia
1383 3547 1532 3612 mulierem

461 3674 523 3716 eam
545 3674 591 3715 me
615 3654 717 3715 emisse
741 3650 872 3738 ancillam
895 3653 989 3715 matri.

351 3777 422 3845 111.
457 3776 601 3844 retinebit.
637 3775 778 3864 rogitabit
800 3775 878 3840 unde
901 3776 979 3840 illam
1003 3781 1121 3854 emeris,
1146 3782 1249 3865 quanti
1270 3782 1382 3845 emeris.

285 3922 354 3990 ‘Ill
391 3921 421 3989 5.
457 3925 578 3987 mercari
600 3923 682 3984 visus
705 3921 777 3984 mihi
800 3942 865 3983 sum
889 3919 1048 3984 formosam
1073 3942 1198 4008 capram.

332 4050 351 4115 2
372 4047 423 4115 59.
459 4049 528 4112 buic
549 4046 726 4134 persuadere
750 4067 810 4134 quo
832 4045 922 4111 modo
946 4049 1026 4132 potis
1050 4006 1151 4122 siem?

460 4169 495 4220 ut
516 4156 594 4219 illam
616 4155 724 4220 vendat
745 4177 819 4218 neve
842 4154 892 4218 det
913 4158 999 4219 matri
1022 4176 1101 4219 suae.

332 4293 351 4358 3
394 4291 423 4357 7.
459 4293 546 4357 miser
569 4293 688 4355 amicam
711 4290 783 4354 mihi
806 4291 909 4375 paravi
931 4292 1019 4354 animi
1042 4311 1145 4366 causa,
1171 4293 1264 4377 eripui
1287 4295 1393 4378 pretio,

307 4409 312 4416 '
401 4417 403 4422 ’
459 4411 542 4464 ratus
566 4398 637 4462 clam
660 4411 772 4486 patrem
795 4420 840 4461 me
862 4419 958 4460 meum
981 4418 1070 4484 posse
1093 4397 1209 4462 habere.

371 4534 423 4598 77.
672 4601 678 4612 ‚
830 4555 884 4621 ego
908 4553 1005 4596 emero
1027 4537 1113 4596 matri
1135 4546 1204 4597 tuae

460 4641 593 4710 ancillam
616 4644 777 4729 viraginem
800 4640 940 4729 aliquam,
965 4664 1027 4706 non
1049 4641 1168 4718 malam,
1192 4640 1287 4722 forma
1309 4642 1393 4708 mala.
