3688 5372
916 265 939 338 6
1054 293 1058 302 .

824 369 1034 377 ———--—--.

296 487 370 535 nem
388 474 500 534 natam
525 467 664 550 scimus,
690 463 829 534 valebat.
866 466 974 560 itaque
993 465 1087 555 'quod
1108 464 1242 534 solverit
1259 461 1341 532 alter
1367 461 1557 533 contrahen-

297 593 393 676 tium,
412 589 468 662 ubi
481 591 564 660 alter
576 592 653 659 item
665 589 737 683 jam
751 589 912 672 solverat,
932 592 1032 680 repeti
1049 613 1114 660 non
1131 588 1263 674 licebat,
1282 612 1384 682 neque
1398 587 1558 660 redhiberi

297 728 476 810 acceptum.
515 715 586 785 vide
606 736 688 808 quac
706 718 739 785 in
756 715 935 784 Mercatore
954 709 1030 809 (11¹3
1047 711 1109 800 82)
1133 713 1296 786 dicantur:
1464 689 1472 705 '
1609 704 1611 708 ’

220 895 222 902 -
342 853 375 918 C.
401 853 474 941 quid
496 857 521 917 si
543 856 634 940 igitur
650 851 791 916 reddatur
812 851 854 915 illi
876 850 1076 938 undeempta
1098 851 1163 915 est?
1191 851 1228 915 D.
1245 855 1362 918 minime
1384 855 1524 940 gentium.

343 959 376 1026 C.
401 957 478 1026 dixit
500 982 531 1025 se
553 959 720 1037 redhibere,
746 963 855 1023 sinon
877 959 998 1046 placeat.
1033 957 1070 1022 D.
1094 959 1168 1022 nihil
1190 961 1265 1024 istoc
1288 972 1387 1046 opust.
1441 1035 1443 1041 Ι

290 1125 293 1130 ,
340 1069 454 1158 litigare
477 1067 548 1132 nolo
572 1087 627 1154 ego
652 1089 720 1142 vos,
744 1088 837 1153 neque
860 1079 941 1131 tuam
964 1078 1061 1130 autem
1083 1069 1213 1130 accusari
1234 1065 1330 1132 fidem.
1362 1138 1366 1145 Χ

297 1228 394 1310 atque
411 1220 445 1288 in
463 1215 664 1287 Mostellaria
682 1212 737 1301 (ΙΙΙ
752 1213 773 1288 2
792 1212 879 1302 109)
899 1213 1062 1284 similiter:

457 1351 509 1436 Tr.
534 1371 632 1436 sedis
655 1383 784 1436 maestus
808 1383 853 1434 cst
874 1370 961 1435 hasce
985 1392 1016 1433 se
1039 1368 1215 1434 vendidisse.

457 1479 515 1544 Th.
541 1478 613 1566 qnid
634 1477 773 1542 tandem?
804 1479 856 1543 Tr.
882 1489 947 1543 orat
969 1488 1004 1540 ut
1026 1476 1164 1540 suadeam
1187 1476 1379 1546 Philolacheti

456 1599 491 1650 ut
512 1590 584 1652 istas
607 1589 737 1651 remittat
758 1583 824 1650 sihi.
860 1586 918 1650 Th.
943 1582 1024 1650 haud
1047 1586 1163 1671 opinor.

457 1693 513 1758 sihi
536 1697 661 1782 quisquc
684 1696 746 1757 ruri
769 1697 860 1757 metit.
896 1695 921 1756 si
944 1693 1017 1757 male
1041 1705 1153 1779 emptae

404 1778 421 1809 ⁰
455 1801 565 1879 forent,
591 1800 677 1866 nohis
700 1800 753 1865 has
776 1799 929 1865 redhibere
952 1799 1033 1864 haud
1054 1800 1162 1864 liceret.

297 1989 399 2061 neque
431 1970 533 2060 pretio
562 1970 713 2038 restituto
741 1989 880 2037 mercem
909 1965 1064 2037 traditam
1091 1965 1296 2060 repetendam
1322 1964 1426 2036 fuisse
1452 1967 1559 2059 magis

296 2092 429 2187 probari
454 2095 570 2186 possit.
610 2104 701 2186 patet
726 2095 827 2187 igitur
853 2095 1044 2186 emptionem
1072 2092 1305 2177 venditionem,
1331 2114 1413 2184 quae
1439 2091 1561 2162 nullam

297 2241 413 2312 parere
426 2219 551 2290 valeret
564 2223 738 2302 actionem,
758 2230 884 2304 tamen,
905 2219 961 2289 uhi
979 2218 1019 2288 ab
1035 2229 1172 2311 utraque
1185 2229 1278 2310 parte
1294 2217 1380 2310 quod
1394 2216 1562 2290 deberetur
1602 2246 1606 2262 ’

298 2355 504 2438 praestatum
532 2355 636 2429 esset,
668 2345 756 2414 haud
783 2347 891 2414 minus
917 2344 1045 2414 firmam
1068 2342 1171 2414 fuisse
1197 2365 1295 2436 quam
1321 2365 1363 2412 cx
1387 2365 1451 2436 qua
1471 2346 1561 2416 actio
1661 2373 1663 2377 ·

297 2481 497 2541 nasceretur.
529 2473 655 2563 itaque,
675 2473 754 2541 siin
772 2475 844 2564 ipso
865 2480 1053 2541 contractus
1072 2469 1179 2538 limine
1198 2480 1231 2540 et
1249 2472 1305 2562 qui
1323 2480 1440 2539 emeret
1459 2473 1563 2562 etqui

298 2595 452 2667 venderet
471 2595 635 2668 solverent
660 2595 772 2681 ambo,
799 2596 900 2689 liquet
924 2618 1027 2690 neque
1049 2596 1240 2688 emptionem
1258 2593 1397 2666 rescindi
1414 2597 1562 2688 petuisse

299 2744 400 2814 neque
418 2721 598 2814 periculum
615 2719 719 2792 foisse
737 2745 777 2793 ne
796 2722 951 2794 alteruter
969 2722 1009 2792 ab
1029 2722 1130 2792 altero
1150 2723 1445 2811 circumveniretur.

387 2870 469 2940 quac
484 2872 558 2920 curn
570 2851 618 2918 ita
633 2851 713 2934 sint,
729 2852 848 2918 mirum
861 2849 963 2918 videri
976 2871 1041 2919 non
1054 2849 1162 2940 possit
1174 2850 1207 2918 in
1222 2846 1416 2941 quibusdam
1431 2849 1563 2940 emptio·

298 2972 394 3044 nibus
423 2977 517 3066 quasi
543 2975 691 3068 regulam
720 2972 918 3059 obtinuisse,
951 2985 988 3044 ut
1014 2976 1238 3068 praesentaria
1263 2975 1400 3065 pecunia
1426 2976 1564 3044 mercari
1640 3053 1661 3061 Η

300 3110 472 3192 oporteret.
511 3102 557 3170 sic
583 3099 639 3169 uhi
662 3097 828 3191 publicum
853 3098 989 3193 aliquid,
1014 3099 1106 3169 velut
1124 3090 1245 3193 pracda
1264 3097 1301 3169 dc
1320 3099 1561 3191 quaestoribus,

301 3228 416 3296 emitur
441 3223 578 3317 (Captiv.
592 3225 621 3294 ll
636 3223 657 3298 2
675 3223 717 3293 8:
743 3223 782 3294 cf.
797 3224 877 3317 prol.
895 3223 944 3296 34
958 3264 1001 3276 -
1014 3222 1061 3312 5).
1096 3225 1241 3296 similiter
1258 3228 1291 3296 in
1308 3227 1447 3318 privetis
1467 3228 1563 3298 ctiam

300 3351 515 3424 auctionibus.
551 3350 624 3421 vide
642 3349 869 3422 Menaechmos
889 3347 969 3438 (V9
990 3348 1069 3437 95):

510 3509 606 3571 auctio
630 3507 681 3571 fiet
701 3507 898 3584 Menaechmi,
922 3527 1006 3570 mane
1030 3527 1098 3571 sane
1122 3507 1245 3594 septimi.

512 3614 653 3680 venibunt
675 3618 753 3680 servi
775 3615 928 3702 suppellex
951 3614 1034 3678 fundi
1058 3614 1158 3691 aedes3
1184 3616 1282 3678 omnia

511 3722 662 3788 venibunt.
699 3725 802 3810 quiqui
824 3721 954 3787 lioehunt
975 3725 1122 3809 praesenti
1144 3724 1277 3810 pecunia.

510 3829 622 3896 venibit
642 3852 722 3894 uxor
745 3851 864 3918 quoque
887 3833 988 3908 ctiam,
1013 3833 1038 3894 si
1062 3833 1128 3917 quis
1152 3842 1267 3917 emptor
1283 3832 1404 3895 venerit.

512 3941 561 4002 vix
586 3936 672 4001 credo
695 3950 760 4002 tota
782 3941 917 4002 auctione
941 3941 1036 4026 capiet
1056 3940 1291 4026 quinquagesies.

301 4111 377 4179 item
397 4105 580 4198 sipusillae
607 4127 646 4174 ac
664 4103 738 4174 vilis
764 4107 857 4197 pretii
881 4127 934 4175 res
958 4109 992 4175 in
1012 4115 1156 4176 mercatu
1175 4103 1226 4173 vel
1251 4103 1395 4176 tabernis
1414 4117 1562 4178 veneant.

301 4258 380 4330 prae
399 4236 514 4307 ceteris
532 4231 605 4301 vide
623 4230 794 4302 Asinariae
810 4229 920 4302 locum
938 4229 1098 4319 (1346),
1117 4230 1173 4302 uhi
1191 4235 1239 4302 ita
1255 4232 1328 4302 lena
1344 4232 1505 4326 loquitur:

435 4405 510 4471 diem
534 4427 639 4494 aquam
662 4405 753 4469 solem
772 4401 874 4468 ⁴lunam
896 4418 1026 4482 noctem,
1050 4405 1122 4469 hacc
1144 4419 1265 4494 argento
1288 4429 1350 4472 non
1373 4429 1447 4473 emo.

435 4527 527 4580 cetera
550 4535 683 4602 quaeque
706 4513 842 4577 volumus
865 4516 923 4591 uti,
950 4511 1059 4578 Graeca
1081 4534 1243 4579 mereamur
1263 4514 1330 4579 fide.

434 4645 501 4688 cum
522 4645 539 4700 a
560 4625 673 4708 pistore
694 4643 799 4708 panem
821 4625 962 4708 petimus,
987 4624 1088 4686 vinum
1112 4644 1149 4688 ex
1173 4623 1340 4712 oenopolio,
