3688 5372
901 225 950 298 28

340 417 359 482 3
378 415 430 483 54.
611 429 673 479 tum
696 429 730 480 tu
751 440 796 482 me
818 420 881 502 sine
903 418 981 482 illam
1004 421 1139 486 vendere.

473 560 506 572 -
533 536 603 588 tune
625 524 702 588 illam
726 524 857 589 vendas?
883 564 917 573 —
943 530 1001 592 imo
1026 529 1114 594 alium
1138 529 1299 616 allegavero

468 634 518 721 qui
540 631 663 709 vendat,
689 635 739 718 qui
763 655 825 696 esse
849 655 879 698 se
901 637 1087 720 peregrinum
1110 635 1266 722 praedicet.

379 755 430 826 65.
449 791 466 828 ,·
612 779 657 821 me
681 780 800 844 quoque
823 762 907 856 etiarn
931 759 1055 837 vendas,
1081 763 1106 825 si
1129 759 1218 837 lubet,

311 869 322 880 ''
467 865 536 956 dum
558 877 690 930 saturum
717 863 835 928 vendas.

378 991 428 1059 76.
465 994 516 1080 qui
539 990 613 1055 hane
636 990 733 1054 lenoni
755 990 826 1053 huie
848 990 964 1055 vendat.

293 1134 361 1202 Illi
398 1136 435 1203 8:
452 1121 576 1199 venibis
598 1146 633 1196 tu
655 1133 758 1210 hodie,
783 1137 877 1222 virgo.

379 1259 428 1327 10.
461 1261 535 1326 tuin'
559 1262 668 1324 ventris
693 1281 780 1323 eausa
801 1259 889 1323 filiam
911 1259 1013 1326 vendis
1036 1261 1138 1325 tuam?

469 1407 504 1418 -
530 1370 635 1431 mirum
659 1370 731 1454 quin
753 1370 829 1455 regis
852 1367 982 1455 Philippi
1006 1391 1093 1434 causa
1116 1361 1168 1434 aut
1189 1371 1281 1436 Attali

463 1478 615 1570 topatius
639 1474 762 1539 vendam
777 1466 873 1562 'quam
895 1498 959 1540 mea
981 1498 1055 1562 quae
1080 1479 1119 1540 sis
1143 1500 1215 1542 mea.
1437 1559 1456 1572 μ
1489 1552 1493 1560 ,

292 1619 436 1688 1111359.
465 1624 538 1685 *iste
563 1621 613 1707 qui
635 1617 756 1683 tabellas
781 1617 890 1696 adfert,
916 1618 1049 1702 adduxit
1068 1622 1154 1685 simul

464 1729 558 1794 forma
581 1726 744 1814 expetenda
764 1726 912 1792 liberalem
934 1728 1092 1804 mulierem,
1327 1749 1330 1756 ·

464 1836 602 1902 furtivam
625 1835 774 1900 advectam
797 1857 835 1898 ex
857 1834 968 1899 Arabia
993 1839 1205 1922 penitissuma

465 1966 527 2008 eam
549 1957 578 2008 te
601 1944 670 2017 volo
693 1943 833 2008 adcurare
856 1956 890 2007 ut
911 1946 977 2007 istie
999 1957 1111 2008 veneat.

438 2111 440 2116 .
465 2064 496 2116 at
518 2075 572 2116 suo
596 2053 705 2139 periclo
729 2056 754 2116 is
778 2064 854 2118 emat
876 2055 926 2138 qui
950 2074 1012 2115 earn
1034 2051 1225 2116 mercabitur:

377 2237 380 2242 Α
465 2158 610 2247 mancipio
633 2183 727 2248 neque
749 2162 902 2247 promittet
923 2182 1017 2246 neque
1041 2164 1195 2247 quisquam
1220 2159 1309 2223 dabit.

198 2331 201 2338 .
296 2297 324 2302 ¹·
369 2264 376 2328 ’ζ
408 2297 411 2303 ·
465 2266 592 2354 probum
616 2281 647 2332 et
666 2281 850 2333 numeratum
873 2278 1025 2354 argentum
1047 2280 1081 2331 ut
1104 2270 1226 2354 aeeipiat
1247 2266 1317 2330 iace.
1355 2290 1358 2293 ’

465 2376 536 2440 haee
560 2397 629 2439 eura
652 2389 680 2439 et
701 2376 810 2463 hospes
834 2397 903 2439 cura
925 2387 960 2438 ut
983 2388 1109 2438 curetur.
1146 2375 1239 2437 vale«.

378 2517 430 2583 70.
612 2519 802 2606 quamobrem
826 2541 880 2606 ego
905 2530 1057 2606 argeutum
1080 2541 1228 2584 numerem
1251 2518 1339 2596 foras,

466 2631 522 2693 nisi
543 2631 699 2715 mancupio
723 2625 857 2715 accipio?
880 2626 952 2713 quid
975 2649 1009 2690 eo
1032 2649 1116 2713 opus
1133 2628 1205 2691 mihi
1227 2628 1437 2693 mercimonio?

376 2754 427 2822 79.
597 2777 645 2820 ne
669 2757 735 2841 quis
759 2777 828 2818 vero
853 2776 890 2817 ex
912 2751 1023 2816 Arabia
1045 2756 1236 2839 penitissuma

443 2873 666 2950 persequatur.
703 2865 794 2948 etiam¹
811 2874 844 2925 tu
868 2861 945 2924 iilam
969 2859 1119 2925 destinas?
1147 2899 1181 2910 -
1209 2860 1323 2925 videam
1345 2860 1434 2926 modo

464 2973 692 3035 mercimonium.
1161 2980 1163 2985 ·

337 3095 427 3163 did.
609 3118 647 3159 ex
669 3107 737 3170 tuo,
762 3097 895 3182 inquam,
920 3116 977 3157 usu
1001 3107 1058 3170 est3
1082 3115 1142 3157 erne
1167 3095 1250 3158 hane.
1523 3184 1525 3188 Ι

448 3241 504 3270 .-
532 3204 635 3290 edepol
658 3206 709 3289 qui
732 3224 797 3265 aum
820 3203 895 3267 hane
917 3204 1009 3289 magis
1031 3203 1210 3289 contemplo,
1235 3205 1327 3290 magis
1345 3203 1448 3290 placet.
1464 3188 1504 3250 ’ἑὲ
1524 3183 1556 3267 si

1189 3310 1264 3374 hane
1285 3314 1396 3375 emeris.

376 3435 427 3504 25.
611 3436 686 3501 hana
709 3458 770 3500 eme
794 3449 881 3523 atque
904 3434 1036 3499 ausculta
1058 3435 1139 3499 mihi.

470 3582 504 3592 -
530 3544 620 3609 modo
645 3557 679 3608 ut
701 3547 789 3607 seiam
813 3546 915 3629 quanti
936 3543 1053 3606 indicat.

376 3669 427 3736 30.
461 3681 463 3686 ’
611 3674 635 3733 si
659 3668 777 3757 quidem
799 3669 875 3732 hane
897 3667 1055 3733 vendidero
1079 3672 1175 3755 pretio
1200 3691 1264 3732 suo.

336 3789 370 3828 ’Ἴ
398 3823 402 3826 -
436 3789 439 3794 “
470 3815 504 3826 -
532 3781 614 3864 atqui
638 3791 688 3842 aut
711 3777 768 3840 hoe
792 3788 922 3862 emptore
945 3775 1053 3840 vendes
1076 3765 1192 3863 pulere,
1222 3789 1273 3840 aut
1296 3777 1353 3840 alio
1376 3801 1438 3842 non
1460 3793 1555 3866 potes.
1647 3858 1650 3864 Ι

302 3913 329 3919 ”
377 3911 428 3980 35.
443 3932 446 3936 ’
462 3915 520 3979 hoe
543 3934 605 3999 age.
648 3933 761 3998 opusne
789 3923 834 3975 est
861 3910 916 3972 hac
944 3909 998 3974 tibi
1027 3911 1146 3998 empta?
1173 3949 1208 3957 -
1242 3913 1266 3972 si
1294 3909 1355 3974 tibi'
1376 3915 1490 3976 venisse
1514 3926 1557 3980 est

1312 4040 1396 4104 opus,

444 4129 536 4194 'mihi
560 4149 678 4216 quoque
702 4139 799 4212 empta
821 4138 873 4189 est.

470 4277 504 4284 -
532 4236 636 4301 indica.
672 4234 717 4298 sae
739 4237 865 4323 pretium
892 4271 927 4284 ·-
953 4247 1190 4309 tuamensem,
1214 4247 1266 4298 tua
1289 4235 1428 4300 indicatio
1452 4250 1504 4301 est.

405 4382 408 4389 ·
467 4367 591 4432 aequom
603 4345 652 4408 hie
668 4356 741 4408 orat.
759 4381 794 4390 -
813 4343 872 4407 viu'
889 4341 962 4409 bane
977 4341 1092 4408 emere?
1112 4380 1147 4390 -
1172 4343 1230 4406 vin’
1246 4357 1280 4406 tu
1294 4344 1394 4429 pulcre
1410 4347 1556 4430 vendere?

376 4479 428 4545 40.
460 4483 543 4572 prius
566 4479 630 4544 dieo
652 4479 727 4542 hane
743 4480 898 4565 mancupio
921 4500 1006 4541 nemo
1028 4476 1082 4541 tihi
1104 4477 1194 4543 dabit.
1219 4480 1281 4563 jam
1303 4480 1382 4544 seis?
1402 4519 1436 4528 —
1462 4484 1530 4545 scio.

465 4579 561 4654 iudica
583 4591 713 4652 minumo
737 4585 860 4650 daturus
884 4588 936 4672 qui
959 4587 1013 4661 sis,
1040 4588 1090 4672 qui
1114 4585 1180 4652 duci
1204 4599 1299 4672 queat.
