3688 5372
921 251 967 323 16

310 441 496 530 tenebatur,
522 443 692 533 tenebatur
709 445 779 516 fide.
794 424 918 540 ”neque
944 451 1026 518 enim
1044 449 1096 520 ille
1118 449 1244 520 aedium
1261 449 1409 523 venditor
1425 455 1478 524 vel
1501 454 1573 527 leno

309 568 362 638 vel
380 592 484 663 caupo
505 581 569 656 cst,
590 593 672 665 quos
691 571 783 643 flocci
800 572 905 643 facere
923 573 1017 643 fidem
1037 585 1173 646 constet.

397 696 526 766 tandem
544 701 759 790 inspiciuntur
777 698 872 769 aedes
891 699 964 769 illac
983 698 1087 787 (11112
1108 700 1157 791 ll:
1229 703 1233 710 “

424 835 494 900 Tr.
519 836 591 925 quid
612 836 667 901 tibi
690 840 785 902 visum
809 850 853 902 est
875 836 932 903 hoo
954 839 1144 906 mercimoni?
1171 840 1229 904 Th.
1252 851 1335 904 totus
1358 841 1484 928 gaudeo.

442 943 493 1008 Tr.
517 967 588 1010 num
611 948 703 1010 nimio
726 958 839 1033 emptae
862 945 916 1010 tibi
938 947 1097 1014 videntur?
1135 947 1193 1011 Th.
1217 970 1368 1035 nunquam
1391 948 1495 1036 edepol
1517 970 1580 1036 ego-

761 1137 765 1142 ,
876 1107 878 1112 .
1281 1077 1326 1120 me
1353 1061 1414 1122 scio
1494 1062 1498 1067 ’

441 1160 549 1225 vidisse
565 1183 691 1248 usquam
709 1160 839 1248 abjectas
856 1162 940 1228 aedes
955 1166 1014 1226 nisi
1027 1161 1117 1228 modo
1133 1161 1229 1228 hasce.
1255 1163 1306 1228 Tr.
1320 1164 1424 1252 ecquid
1438 1159 1573 1253 placent?

295 1317 297 1328 ·
328 1315 336 1348 ·.
376 1333 383 1348 .
410 1269 412 1274 λ
441 1286 498 1351 Th.
525 1287 554 1352 di
577 1287 754 1351 immortales
778 1291 946 1353 mercimoni
969 1288 1068 1377 lepidi.
1108 1293 1133 1353 si
1156 1288 1251 1354 hercle
1273 1312 1351 1355 nunc
1374 1289 1447 1354 serat
1474 1367 1476 1370 .

440 1417 494 1459 sex
516 1395 625 1460 talenta
647 1417 753 1483 magna
776 1398 888 1484 argenti
910 1419 965 1483 pro
990 1401 1054 1462 istis
1076 1399 1283 1483 praesentaria,
1458 1398 1461 1403 ’

438 1523 590 1590 nunquam
613 1505 750 1590 accipiam
768 1553 774 1567 .
793 1553 799 1566 .
818 1553 824 1567 .
843 1553 850 1567 .
1300 1580 1303 1588 Ι

438 1608 512 1674 bene
534 1633 581 1675 res
604 1623 707 1674 nostra
730 1610 871 1708 collocata
895 1625 939 1676 est
961 1617 1035 1677 istoc
1057 1617 1256 1679 mercimonio.

307 1757 335 1798 v.
355 1730 404 1800 14.
441 1735 492 1798 Tr.
518 1734 621 1823 subegi
644 1735 743 1801 fenore
766 1751 918 1825 argentum
942 1737 978 1801 ab
1003 1737 1117 1802 danista
1137 1753 1173 1804 ut
1195 1753 1330 1816 sumeret,

439 1843 521 1930 quod
543 1846 591 1907 isti
615 1843 747 1908 dedimus
771 1845 940 1909 arrhaboni.
976 1845 1034 1908 Th.
1059 1850 1212 1910 servavisti
1237 1868 1351 1910 omnem
1373 1858 1473 1909 ratem.

437 1973 540 2038 nempe
566 1955 716 2039 octoginta
739 1951 882 2017 debentur
896 1953 966 2017 huic
983 1953 1100 2018 minae?
1130 1954 1181 2018 Tr.
1200 1954 1282 2020 haud
1297 1976 1417 2019 nummo
1436 1952 1570 2040 amplius.

438 2059 496 2123 Th.
521 2058 610 2123 hodie
634 2063 764 2148 accipiat.
806 2060 857 2124 Tr.
882 2064 922 2124 ita
946 2065 1108 2139 enimvero,
1133 2085 1168 2127 ne
1192 2085 1251 2150 qua
1274 2058 1361 2129 causa
1383 2059 1505 2126 subsict.

264 2277 267 2286 ,
305 2230 364 2278 nec
381 2219 490 2278 tamur
510 2208 564 2278 diu
580 2210 614 2277 in
633 2231 740 2278 errore
758 2221 912 2279 versatur
931 2233 1040 2280 senex.
1068 2208 1175 2297 (11114
1192 2207 1244 2296 5);
1328 2181 1347 2208 r

439 2363 497 2428 Th.
521 2386 623 2429 verum
641 2365 704 2450 jam
727 2363 817 2429 scibo.
856 2387 923 2428 nam
947 2387 1045 2430 eccmn
1067 2365 1146 2430 unde
1169 2364 1254 2430 aedes
1277 2363 1354 2430 filius

436 2495 518 2537 meus
542 2475 619 2536 emit.

232 2683 239 2695 ,
289 2635 333 2680 v.
353 2613 403 2682 18.
436 2619 530 2681 minas
555 2613 749 2703 quadraginta
772 2619 921 2704 accepisti,
946 2618 1028 2705 quod
1051 2620 1148 2694 sciam,

438 2747 455 2788 a
475 2722 684 2790 Philolachete.
717 2724 748 2790 S.
772 2747 922 2813 nunquam
945 2747 1096 2790 nummum
1120 2723 1202 2812 quod
1224 2727 1321 2788 sciam.

305 2890 333 2931 v.
351 2863 402 2932 21.
435 2867 494 2932 Th.
519 2890 592 2956 quas
616 2867 775 2938 arrhaboni
798 2866 852 2931 tibi
875 2867 976 2932 dedit?
1011 2867 1043 2932 S.
1067 2867 1139 2955 quid
1162 2868 1322 2931 somnias?

439 2975 496 3039 Th.
522 2976 636 3064 egone?
666 2989 696 3042 et
719 2975 836 3064 quidem
859 2988 906 3053 tu,
932 2979 983 3063 qui
1006 2979 1081 3039 istoc
1103 2988 1131 3039 te
1154 2996 1254 3062 speras
1278 2972 1367 3040 modo

436 3096 555 3171 potesse
579 3081 790 3149 dissimulando
814 3083 952 3148 infectum
975 3083 1032 3147 hoc
1054 3082 1185 3147 reddere.
1441 3139 1444 3146 ,

436 3191 469 3257 S.
495 3191 568 3279 quid
590 3191 708 3256 autem?
742 3191 801 3255 Th.
826 3190 907 3280 quod
929 3213 975 3255 mc
999 3190 1117 3256 absente
1141 3203 1236 3255 tecum
1259 3189 1308 3254 hic
1329 3189 1406 3254 filius

436 3303 537 3388 negoti
559 3303 659 3389 gessit.

218 3541 221 3549 ,
305 3468 436 3559 cognita
453 3469 591 3536 veritate
611 3469 698 3537 servi
716 3465 863 3537 fallacias
883 3469 1072 3537 convincere
1091 3488 1193 3536 senex
1210 3476 1317 3535 tentat
1334 3462 1378 3553 (V
1396 3465 1412 3535 1
1432 3462 1511 3551 30):

437 3635 571 3688 nostrum
584 3644 638 3712 ego
651 3623 730 3688 hunc
747 3627 873 3688 vicinum
890 3626 997 3710 opinor
1013 3644 1075 3686 esse
1090 3622 1238 3686 hominem
1254 3620 1392 3685 audacem
1409 3633 1437 3684 et
1451 3618 1569 3683 malum.

438 3730 489 3795 Tr.
515 3730 659 3818 quidum?
698 3731 756 3795 Th.
781 3735 832 3820 qui
860 3743 949 3818 negat
969 3734 1088 3794 novisse
1114 3752 1176 3795 vos.
1216 3730 1268 3794 Tr.
1292 3728 1401 3817 negat?
1436 3726 1493 3791 Th.
1518 3748 1570 3790 nec

1277 3859 1332 3902 vos
1355 3835 1411 3900 sibi

436 3969 587 4013 nummum
610 3969 740 4035 unquam
764 3949 877 4035 argenti
901 3946 1024 4011 dedisse.

303 4096 332 4136 v.
350 4070 401 4138 34.
437 4075 496 4136 imo
520 4071 623 4158 edepol
647 4087 735 4160 negat
756 4072 904 4161 profecto,
929 4095 1023 4161 neque
1047 4095 1078 4136 se
1100 4071 1154 4136 has
1178 4070 1257 4135 aedis
1280 4068 1444 4134 Philolachi

436 4180 610 4246 vendidisse.
652 4180 703 4244 Tr.
728 4180 799 4258 eho,
828 4203 866 4244 an
889 4184 1007 4269 negavit
1029 4178 1085 4244 sibi
1110 4179 1210 4244 datum
1233 4192 1400 4267 argentum,
1426 4177 1570 4268 obscero?

436 4288 494 4352 Th.
520 4291 591 4376 quin
610 4286 820 4373 jusjurandum
842 4288 1005 4375 pollicitust
1027 4286 1095 4351 dare
1119 4309 1164 4364 se,
1190 4289 1215 4351 si
1234 4287 1351 4365 vellem,
1376 4287 1457 4364 mihi,

436 4417 531 4483 neque
555 4419 585 4460 se
608 4396 694 4460 hasce
716 4395 794 4461 aedis
817 4395 997 4472 vendidisse,
1021 4416 1117 4481 neque
1135 4393 1191 4458 sibi
1209 4377 1270 4460 esse
1288 4407 1440 4483 argentum
1459 4394 1566 4460 datum.

437 4503 499 4568 dixi
523 4526 585 4596 ego⁴
600 4507 677 4568 istuc
699 4502 775 4568 idem
792 4503 841 4568 illi.
873 4503 924 4567 Tr.
946 4503 1017 4591 quid
1034 4502 1096 4567 ait?
1126 4501 1183 4568 Th.
1203 4526 1304 4567 servos
1321 4503 1484 4590 pollicitust
1501 4503 1569 4566 dare

428 4635 508 4688 ¹suos
532 4611 604 4676 mihi
628 4633 727 4677 omncs
752 4613 925 4698 quaestioni.
961 4611 1013 4676 Tr.
1037 4633 1142 4699 nugas.
1175 4633 1328 4698 nunquam
1350 4609 1454 4698 edepol
1477 4606 1568 4672 dabit.

1412 4849 1454 4896 ‘2⁰
