3688 5372
885 272 953 374 ¹⁴:

435 461 623 528 subdititium
644 462 707 528 fieri
730 486 785 553 ego
808 463 890 530 illum
912 465 1011 530 militis
1037 485 1153 568 servom
1175 465 1255 530 volo.

435 569 602 657 symbolum
624 571 703 636 hunc
725 571 799 637 ierat
820 572 919 636 lenoni
942 593 1007 636 cum
1030 573 1161 659 quinque
1183 574 1296 660 argenti
1315 573 1402 636 minis

433 678 583 743 mulierem
606 677 642 743 ab
665 679 770 744 lenone
792 677 928 746 abducat.
962 678 1029 744 hem
1051 678 1106 744 tibi
1126 701 1241 746 omnem
1262 677 1400 744 fabariam.

277 840 411 914 subdole
429 867 468 914 ac
486 855 619 915 versute
644 845 812 916 machinae
837 858 970 942 coeptae
987 846 1221 939 provehuntur.
1258 849 1314 940 qui
1331 845 1465 940 fingitur
1482 845 1539 915 mi·

274 968 341 1040 litis
361 992 494 1056 servus,
514 971 556 1042 ad
573 971 719 1042 lenonem
735 975 882 1065 pervenit
900 969 1002 1061 (11112
1021 971 1101 1062 25):

334 1149 338 1157 ι
431 1108 520 1174 herus
542 1109 597 1174 tihi
619 1131 701 1174 meus
723 1132 769 1175 me
793 1109 914 1176 salutem
937 1110 1057 1175 multam
1080 1110 1176 1175 voluit
1198 1108 1302 1176 dicere.

351 1249 354 1256 ·
431 1216 508 1282 hene
530 1217 802 1318 epistolamaecipe
825 1226 844 1284 a
864 1242 926 1298 me3
949 1218 1026 1284 hane
1046 1240 1092 1284 me
1115 1217 1170 1286 tibi
1187 1220 1280 1304 jussit
1301 1217 1379 1284 dare.

275 1373 304 1415 v.
320 1347 373 1418 36.
404 1351 457 1416 sed
478 1335 605 1439 propera
628 1355 703 1418 hanc
718 1353 880 1443 perlegere,
905 1375 1031 1442 quaeso,
1056 1354 1224 1440 epistolam3
1248 1355 1289 1418 ita
1306 1355 1457 1440 negotium
1477 1365 1537 1430 cet3

406 1472 494 1548 atque
516 1463 644 1547 accipere
667 1473 819 1548 argentum
842 1474 973 1528 actutum
994 1461 1202 1550 mulieremque
1225 1463 1369 1528 emittere:
1515 1459 1518 1464 ⁴

407 1589 475 1632 nam
497 1589 614 1632 necesse
635 1566 724 1633 hodie
748 1567 870 1655 Sicyoni
892 1591 937 1634 me
961 1591 1033 1634 esse.

276 1725 303 1768 v.
320 1699 373 1768 41.
407 1701 443 1767 Β.
466 1703 548 1767 miles
570 1703 669 1767 lenoni
691 1702 819 1790 Ballioni
841 1703 994 1791 epistolam

358 1844 363 1852 ·
410 1813 604 1898 conscriptam
626 1813 728 1888 mittit,
753 1810 1122 1898 Polymachaeroplacides‚

408 1900 532 2006 imagine
556 1916 754 2006 obsignatam,
780 1941 854 2005 quae
877 1897 1029 1985 internos
1054 1918 1113 1984 duo

407 2028 544 2090 convenit
570 2025 648 2090 olim.

275 2174 304 2216 v.
321 2149 374 2217 52.
406 2149 529 2237 Harpax
551 2150 661 2215 calator
683 2171 765 2216 meus
790 2165 849 2228 est,
875 2151 911 2215 ad
933 2166 962 2217 te
986 2156 1037 2241 qui
1060 2155 1148 2216 venit.

275 2310 304 2351 v.
321 2282 373 2351 54.
409 2289 460 2374 qui
482 2286 636 2372 epistolam
651 2277 749 2382 'istam'
767 2284 837 2364 sert,
863 2285 898 2351 ab
923 2310 957 2351 eo
983 2299 1135 2374 argentum
1159 2286 1248 2372 accipi

408 2407 436 2458 et
459 2415 524 2458 cum
547 2416 582 2458 eo
605 2396 706 2458 simitu
727 2393 876 2459 mulierem
897 2397 974 2458 mitti
999 2394 1076 2459 volo.

407 2501 530 2567 salutem
553 2504 691 2588 scriptam
715 2501 836 2590 dignum
859 2515 903 2567 est
926 2501 1022 2590 dignis
1042 2505 1172 2566 mittere:

408 2621 437 2674 te
461 2612 486 2673 si
509 2608 679 2675 arbitrarem
703 2610 838 2698 dignum,
864 2613 1006 2674 misissem
1028 2609 1091 2674 tibi.

409 2716 441 2782 S.
466 2717 541 2805 quid,
560 2718 660 2783 nunc?
693 2717 729 2783 B.
754 2731 906 2807 argentum
930 2719 995 2797 des,
1020 2718 1149 2784 abducas
1171 2718 1329 2784 mulierem.

278 2856 436 2951 gloriatur
452 2857 524 2930 leno
538 2859 609 2952 jam
623 2841 664 2929 ab
684 2883 721 2930 sc
733 2883 798 2930 uon
811 2882 910 2952 posse
924 2859 1041 2930 abduci
1057 2859 1224 2930 mulierem
1236 2857 1387 2928 Pseudoli
1403 2855 1540 2928 fallaciis

278 2980 382 3071 (11116
399 2981 447 3054 24
464 2981 542 3076 sepi:
562 2995 598 3058 at
614 3007 695 3056 mox
712 2984 859 3055 fraudem
877 2984 939 3055 sibi
957 2985 1077 3056 iactam
1096 2986 1272 3078 cognoscit.
1305 2987 1446 3054 occurrit
1462 3006 1540 3054 vero

205 3149 208 3154 Α
276 3109 321 3178 illi
345 3108 455 3179 militis
482 3110 634 3196 celedoni,
660 3114 715 3204 qui
733 3123 943 3205 argentomo
964 3133 1000 3182 se
1020 3113 1138 3204 accipi,
1159 3121 1272 3198 contra
1289 3109 1375 3181 tradi
1393 3107 1455 3180 sihi
1472 3131 1542 3180 mu·
1610 3137 1637 3196 ,(-

277 3235 386 3307 lierem
401 3235 549 3328 postulat
567 3234 672 3323 (11117
692 3236 769 3325 19):
1422 3241 1426 3250 '
1803 3233 1838 3308 ⁴(

409 3392 476 3457 leno
500 3405 653 3479 argentum
674 3393 733 3458 hoc
755 3393 825 3458 volo

410 3521 494 3563 ame
518 3503 640 3587 accipiat
662 3514 750 3587 atque
773 3504 888 3565 amittat
907 3500 1057 3565 mulierem
1080 3521 1192 3564 meeum
1215 3497 1311 3564 simul.

277 3651 306 3691 v.
324 3623 376 3692 51.
407 3637 560 3714 argentum
583 3628 716 3713 accipias.
751 3625 786 3691 B.
807 3626 998 3713 jamdudum,
1022 3628 1047 3690 si
1071 3625 1135 3702 des,
1159 3626 1279 3711 porrexi
1302 3645 1430 3688 manum.

409 3733 447 3798 H.
471 3736 577 3821 accipe.
613 3733 660 3797 hic
683 3747 754 3798 sunt
776 3737 905 3823 quinque
929 3737 1041 3821 argenti
1062 3732 1152 3797 lectae
1174 3743 1342 3797 numeratae
1365 3734 1469 3796 minae.

409 3841 467 3907 hoc
489 3839 543 3906 tibi
566 3841 656 3905 herus
678 3863 723 3905 me
742 3843 834 3928 jussit
856 3841 930 3905 serre
953 3839 1320 3927 Polymachaeroplaeidcs‚

317 3965 320 3972 '
411 3949 493 4038 quod
517 3947 636 4013 deberet
659 3961 746 4035 atque
769 3961 804 4013 ut
825 3970 937 4014 mecum
959 3951 1088 4014 mitteres
1110 3948 1311 4014 Phoenicium.
1350 3947 1351 3952 ’

279 4139 353 4190 cum
365 4118 437 4212 jam
454 4115 578 4187 nullum
598 4117 751 4207 cuiquam
773 4127 871 4210 queat
888 4138 961 4187 csse
981 4113 1127 4200 dubium,
1145 4114 1314 4186 videamus
1334 4111 1410 4208 quid
1427 4121 1544 4208 poscat

279 4265 393 4314 servos
412 4242 523 4312 militis
543 4243 712 4334 emptoris:

187 4403 191 4410 '
277 4423 306 4464 v.
323 4397 375 4466 89.
431 4401 558 4486 quintu
581 4396 731 4462 mulierem
753 4398 825 4461 mihi
849 4397 978 4461 emittis?
1011 4408 1063 4461 aut
1084 4395 1173 4461 redde
1196 4407 1358 4485 argentum.

277 4548 306 4590 v.
325 4522 397 4591 123.
428 4523 523 4589 hercle
546 4522 627 4588 haud
650 4535 678 4586 te
701 4523 793 4592 sinam
817 4525 948 4600 emoriri,
973 4525 1029 4586 nisi
1052 4523 1092 4586 mi
1114 4535 1265 4611 argentum
1292 4515 1433 4598 redditur,

432 4634 537 4720 viginti
559 4634 663 4698 minae.
