3688 5372
907 245 955 318 24

296 441 440 510 11Π140.
1003 462 1069 503 nam
1092 453 1251 526 postquam
1274 439 1373 504 audivi
1396 440 1472 505 illico

471 571 508 613 ax
530 571 594 613 meo
618 571 703 612 servo
727 547 805 611 illam
828 569 891 612 esse
915 560 1041 634 captam,
1067 551 1207 613 continuo
1232 560 1383 636 argentum
1407 547 1481 613 dedi.

469 670 504 721 ut
526 671 678 722 emeretur.

341 781 430 849 226.
467 782 559 871 quid?
589 781 714 847 obeam
736 802 798 844 rem
819 763 895 844 hanc
918 782 1028 856 emisti,
1055 783 1124 867 quia
1146 794 1227 845 tuam
1250 793 1368 870 gnatam
1391 783 1494 847 ratus?

379 908 430 974 32.
466 910 534 977 hinc
556 907 681 972 Athenis
705 909 776 970 civis
800 929 862 970 eam
886 908 955 970 emit
977 904 1103 971 Atticus.

470 1016 682 1081 adulescentem
705 1013 840 1100 equidem
864 1012 999 1078 dicebant
1020 1017 1133 1079 emisse.

295 1140 358 1209 Vl
399 1139 429 1208 6.
464 1142 658 1229 Periphanem
681 1162 774 1204 emere
797 1141 861 1204 lora
883 1139 954 1203 vidi.

341 1266 430 1334 218.
465 1280 499 1331 tu
521 1266 612 1331 habes
636 1267 714 1343 lora,
739 1288 793 1354 ego
817 1279 846 1330 te
870 1287 962 1330 emere
985 1264 1055 1328 vidi.

379 1391 431 1458 30.
900 1388 902 1394 ’
927 1393 1025 1478 rogita
1047 1390 1130 1478 quod
1155 1389 1251 1456 lubet.-

473 1539 508 1549 -
535 1521 594 1588 qua
616 1500 723 1564 fiducia
746 1521 836 1563 ausus
858 1502 999 1586 primum,
1032 1520 1106 1585 quae
1130 1511 1226 1586 empta
1250 1513 1294 1563 est
1316 1498 1424 1563 nudius
1447 1501 1561 1574 tertius,

467 1608 556 1672 liliam
579 1630 671 1673 meam
695 1607 788 1672 dicere
812 1605 897 1670 esse?

379 1733 430 1799 37.
468 1733 555 1799 dadin
579 1732 631 1798 tibi
655 1737 747 1797 minas
770 1735 893 1820 triginta
917 1731 955 1795 ob
979 1731 1089 1795 filiam?
1118 1770 1151 1778 —
1179 1730 1274 1796 fateor
1297 1731 1388 1808 datas,
1423 1763 1426 1770 ·

469 1855 497 1905 et
520 1865 554 1905 eo
579 1853 700 1929 argento
724 1840 801 1904 illam
824 1862 871 1902 mc
895 1842 997 1903 emisse
1021 1842 1141 1902 amicam
1163 1838 1216 1903 filii
1237 1839 1384 1903 fidicinam

467 1972 523 2036 pro
547 1963 598 2013 tua
620 1949 687 2012 filia.
727 1951 790 2011 istis
815 1947 887 2012 adeo
911 1960 940 2010 te
962 1950 1046 2034 tetigi
1069 1950 1190 2034 triginta
1212 1951 1307 2011 minis.

316 2073 433 2142 1250.
469 2087 513 2139 est
534 2073 685 2139 Euboicus
708 2073 789 2138 miles
812 2073 959 2160 locuples,
984 2073 1077 2136 multo
1102 2095 1174 2136 auro
1198 2086 1314 2160 potens,

469 2186 520 2269 qui
548 2181 600 2246 ubi
630 2180 684 2245 tibi
713 2185 798 2245 istam
827 2195 953 2268 emptam
982 2202 1045 2244 esse
1073 2179 1160 2244 scibit
1188 2194 1276 2267 atque
1304 2181 1380 2244 hanc
1409 2180 1562 2246 adductam

1276 2288 1403 2364 alteram,

470 2399 609 2461 continuo
633 2409 662 2459 te
686 2394 784 2459 orabit
804 2396 883 2459 ultro
907 2408 943 2459 ut
964 2395 1041 2458 illam
1065 2397 1209 2458 tramittas
1234 2394 1298 2459 sibi.

295 2519 445 2589 112115.
470 2534 557 2608 atque
579 2519 610 2585 id
633 2544 694 2584 non
718 2520 815 2585 decern
839 2533 1014 2606 occupatum
1037 2519 1091 2583 tibi
1116 2523 1172 2583 erit
1194 2534 1347 2608 argentum
1370 2521 1441 2585 dies.

473 2667 508 2676 -
527 2627 671 2716 quidum?
686 2667 720 2675 -
741 2631 810 2714 quia
825 2632 900 2692 enim
916 2629 1065 2692 mulierem
1081 2627 1155 2692 alius
1170 2627 1248 2692 illam
1260 2629 1429 2693 adulescens
1441 2628 1561 2715 deperit,

470 2759 542 2800 auro
567 2737 740 2823 opulentus,
765 2759 889 2824 magnus
912 2737 994 2800 miles
1017 2734 1168 2812 Rhodius,
1193 2750 1296 2824 raptor
1318 2738 1459 2811 hostium,

468 2845 633 2934 gloriosum
657 2843 705 2907 hic
728 2857 802 2908 emet
824 2843 902 2907 illam
926 2844 961 2908 de
983 2857 1025 2919 te,
1051 2857 1081 2908 et
1103 2842 1185 2908 dabit
1207 2827 1310 2909 accrum
1332 2843 1445 2909 lubens.

244 3009 247 3015 =
295 2971 332 3036 111
347 2969 368 3035 d
381 2967 433 3035 27.
654 2991 667 3020 0
892 2962 1076 3045 adulescens,
1100 2973 1142 3033 ita
1164 2983 1208 3032 est

280 3067 283 3074 ’
468 3091 503 3142 ut
526 3077 597 3142 dicis
621 3079 685 3140 emi.
709 3115 743 3124 -
771 3077 839 3140 volo
863 3089 892 3141 te
915 3074 1012 3140 verbis
1035 3076 1178 3163 pauculis.

380 3201 431 3269 31.
467 3207 506 3267 mi
528 3203 606 3268 illam
628 3214 663 3266 ut
685 3205 844 3279 tramittas,
871 3215 1023 3291 argentum
1046 3205 1170 3290 accipias
1195 3202 1274 3266 volo.

474 3350 508 3358 -
536 3309 654 3374 habeas.
683 3349 717 3357 —
745 3332 811 3373 narn
835 3309 907 3396 quid
930 3332 984 3398 ego
1009 3309 1089 3396 apud
1110 3323 1139 3374 tc
1162 3332 1279 3396 parcam
1301 3311 1465 3400 proloqui?

469 3436 523 3507 ego
547 3419 625 3482 illam
648 3417 737 3482 hodie
761 3415 948 3482 volo'faeere
970 3416 1103 3482 libertam
1127 3421 1240 3495 meam,

468 3527 540 3590 mihi
564 3525 729 3591 concubina
752 3547 826 3612 quae
850 3528 897 3588 sit.
927 3562 961 3571 -
988 3538 1017 3589 te
1041 3524 1192 3590 absolvam
1213 3524 1306 3591 brevi.
1333 3591 1336 3596 ⁴

375 3646 377 3650 ’
469 3637 582 3722 argenti
604 3636 818 3721 quinquaginta
840 3635 881 3696 mi
903 3633 951 3696 illa
974 3646 1072 3720 empta
1094 3648 1139 3698 est
1160 3637 1256 3699 minis.

471 3745 496 3806 si
519 3745 671 3829 sexaginta
692 3740 764 3805 mihi
788 3740 1016 3806 denumerantur
1037 3745 1141 3817 minae,

471 3864 536 3915 tuas
559 3848 725 3937 possidebit
746 3848 850 3913 mulier
871 3847 941 3911 faxo
966 3847 1061 3912 ferias.

381 3976 433 4044 39.
473 4015 507 4024 -
534 3988 614 4040 estne
638 3980 734 4062 empta
756 3977 796 4039 mi
819 3973 911 4038 haec?
939 4013 973 4021 —
1001 3975 1047 4038 his
1070 3974 1184 4063 legibus
1207 3976 1316 4040 habeas
1339 3977 1413 4042 licet.

380 4100 433 4168 41.
500 4150 502 4154 .
858 4115 945 4188 atquc
969 4104 1055 4164 etiam
1077 4101 1149 4166 fides

471 4213 496 4274 ei
519 4231 594 4297 quae
617 4231 775 4284 accessere,
800 4208 854 4274 tibi
878 4209 983 4274 addam
1007 4209 1086 4274 dono
1109 4213 1220 4299 gratiis.
1289 4212 1293 4219 ’

309 4334 437 4402 11253.
472 4335 544 4402 haec
566 4334 710 4401 vocabula
732 4339 882 4401 auctiones
906 4334 1049 4424 subigunt
1070 4348 1105 4399 ut
1126 4335 1233 4403 saciant
1256 4342 1320 4404 viri.

801 4474 1056 4546 Menaechmi.

320 4603 368 4671 13
385 4604 437 4672 22.
473 4618 614 4695 quattuor
636 4608 722 4671 minis
745 4628 799 4693 ego
824 4609 879 4672 emi
901 4606 977 4670 hanc
999 4629 1076 4672 anno
1100 4610 1189 4673 uxori
1212 4631 1300 4675 meae.
