3688 5372
905 317 930 388 5

371 525 478 583 tencre
498 536 590 608 ergo,
618 537 699 608 quae
718 515 794 585 mihi
812 487 1119 608 puma‘offermmr,
1141 520 1343 588 occasionem
1363 481 1483 606 statui,
1510 533 1549 591 ut

286 633 381 750 quod·
389 639 545 710 audacius
564 643 789 734 promisissem
807 643 887 711 tutis
906 645 1065 712 munirem
1082 643 1269 735 praesidiis,
1288 666 1390 739 neque
1404 646 1475 739 jam
1491 645 1547 717 du·

284 765 386 836 bitavi
404 766 446 837 ad
462 767 599 837 Plautus
618 767 728 841 redire.
756 789 869 836 verum
885 790 950 861 qua
968 772 1092 838 ratione
1112 770 1335 840 confirmarem
1353 774 1546 842 sententiam
1592 765 1595 772 ’

284 915 406 977 meam,
430 915 496 961 non
515 896 597 967 satis
616 893 693 962 mihi
712 893 894 963 constabat.
931 916 1007 964 nam
1026 912 1099 963 cum
1124 895 1311 988 plerumque
1329 919 1408 978 vesse
1427 897 1545 991 aliquid

286 1041 383 1111 qnam
401 1041 466 1087 non
486 1041 557 1088 esse
583 1018 710 1088 iaciiius
734 1017 867 1111 probari
892 1020 1009 1105 soleat,
1037 1043 1134 1112 quam
1162 1044 1397 1114 proposueram
1417 1019 1545 1117 negatio

285 1147 354 1214 sine
378 1147 505 1238 magnis
531 1142 725 1237 ambagibus
751 1167 809 1214 nec
828 1144 996 1237 probanda
1016 1169 1119 1238 neque
1136 1145 1348 1238 improbanda
1365 1147 1545 1234 videbatur,

285 1273 360 1364 quia
384 1280 490 1341 totum
512 1271 736 1341 Plautinarum
761 1269 947 1340 fabularum
970 1271 1122 1341 volumen
1150 1276 1335 1343 accuratius
1363 1279 1547 1367 perquiren-

286 1395 359 1465 dum
386 1419 458 1466 esse
483 1395 677 1488 apparebat,
703 1407 742 1465 ut
766 1398 845 1465 certi
870 1395 946 1488 quid
967 1400 1169 1489 pronuntiari
1186 1410 1309 1491 posset.
1348 1412 1546 1493 quapropter

283 1545 347 1593 non
370 1521 407 1591 de
433 1520 581 1591 omuibus
606 1521 673 1608 hic,
701 1525 755 1614 qui
779 1534 915 1628 possent
939 1521 1042 1592 honac
1060 1522 1132 1593 fidei
1151 1527 1309 1594 actionem
1333 1547 1446 1617 parere
1472 1549 1546 1595 con-

178 1718 180 1723 .
283 1647 459 1733 tractibus,
479 1647 536 1718 sed
556 1648 593 1716 de
611 1670 675 1718 uno
695 1647 768 1734 ilio,
795 1671 889 1741 quem
909 1652 1099 1741 saepissime
1117 1649 1255 1719 Plautus
1274 1653 1462 1744 attingeret,
1483 1649 1546 1720 dis·

283 1797 389 1845 serere
407 1774 484 1844 utile
501 1777 611 1844 visum
631 1785 689 1844 est.
1423 1816 1442 1861 0

370 1903 479 1992 itaque
506 1923 547 1969 cx
574 1903 731 1992 emptione
749 1899 931 1970 venditione
954 1924 1032 1970 num
1057 1899 1160 1971 bonae
1181 1900 1253 1971 fidei
1274 1903 1434 1971 actionem
1451 1905 1544 1973 nasci

282 2027 439 2097 Plautinis
465 2026 545 2096 locis
570 2029 678 2119 possit
702 2025 864 2118 probari,
869 2028 939 2120 jam
958 2014 1149 2096 videbimus.
1183 2038 1218 2096 at
1238 2051 1312 2097 cum
1330 2039 1455 2121 pateat,
1480 2050 1546 2097 non

282 2156 346 2224 nisi
364 2151 513 2222 omnibus
533 2155 712 2245 perspectis
738 2153 818 2224 locis
839 2156 988 2245 cuiquam
1007 2163 1127 2222 utnon
1144 2157 1237 2222 nasci
1258 2156 1417 2223 actionem
1436 2153 1546 2224 credat

283 2301 382 2373 posse
414 2277 618 2372 persuaderi,
652 2301 762 2348 omncs
792 2282 846 2371 qui
872 2279 925 2348 vel
954 2281 1112 2348 actionem
1139 2278 1191 2347 vel
1218 2282 1325 2371 ipsam
1354 2282 1546 2372 emptionem

282 2405 496 2476 venditionem
516 2414 663 2496 spectent
685 2407 732 2473 ita
751 2427 942 2497 componam
967 2404 1073 2489 locos,
1099 2415 1137 2473 ut
1162 2407 1265 2474 cuivis
1287 2427 1342 2474 eos
1362 2408 1430 2474 sine
1449 2405 1546 2475 molc-

283 2534 363 2601 stiis‘
375 2532 470 2621 liceat
490 2530 698 2623 perlustrare.
731 2529 847 2622 quibus
869 2534 916 2600 sic
938 2533 1139 2615 constitutis,
1165 2541 1277 2600 utrum
1295 2543 1380 2601 recte
1399 2534 1433 2600 in
1450 2531 1545 2602 Plau·

282 2661 358 2728 tinis
386 2655 505 2726 fabulis
535 2656 725 2748 emptionem
753 2654 856 2725 bonae
883 2656 955 2726 fidei
983 2661 1142 2727 actionem
1168 2680 1282 2750 parcre
1308 2660 1471 2751 negarim,
1504 2680 1544 2726 11

283 2783 409 2853 frustra
427 2786 488 2852 sim
508 2794 700 2876 argutatus,
721 2785 803 2853 satis
825 2785 929 2853 cuicui
948 2783 1124 2876 apparebit.
1163 2783 1220 2854 sed
1245 2783 1332 2854 ultra
1357 2787 1453 2853 ctiam
1470 2806 1545 2875 pro·

283 2910 479 3003 gradiemur3
503 2931 567 2980 uon
591 2909 654 2979 hoc
678 2921 806 2980 tantum
826 2908 999 2979 efficiemus
1018 2910 1176 2980 Plautinis
1200 2909 1298 2993 locis,
1324 2887 1544 3002 exemptione

181 3094 184 3100 .
284 3038 360 3107 oriri
378 3039 536 3106 actionem
554 3034 658 3106 honac
671 3036 743 3106 fidei
761 3034 893 3129 probari
910 3059 974 3105 non
993 3059 1107 3129 posse,
1129 3037 1185 3114 sed
1199 3036 1338 3107 indidem
1353 3039 1544 3128 emptionem

283 3162 496 3233 venditionem
514 3185 617 3255 neque
642 3161 744 3233 bonae
762 3162 834 3233 fidei
852 3165 1012 3233 actionem
1036 3185 1139 3255 neque
1164 3166 1293 3233 omnino
1312 3165 1472 3233 actionem
1490 3182 1544 3253 pc·

282 3291 405 3383 perisse
425 3288 622 3381 colligemus.

371 3413 457 3506 quod
480 3425 654 3508 utmmque
679 3419 707 3484 si
731 3418 778 3484 ita
802 3414 1016 3486 demonstrari
1042 3417 1161 3508 poterit
1185 3426 1224 3484 ut
1247 3414 1291 3484 nil
1318 3412 1462 3505 scrupuli
1486 3423 1545 3482 aut

282 3541 491 3612 dubitationis
510 3553 691 3626 remancat,
719 3546 778 3611 erit
803 3566 881 3612 sane
906 3552 1132 3634 argumentum
1160 3540 1242 3610 unde
1268 3509 1429 3633 suspicari
1449 3539 1545 3608 liceat

281 3669 388 3739 nullas
407 3667 511 3738 fuisse
535 3672 567 3737 in
593 3671 819 3761 antiquissimo
840 3670 915 3762 jure
934 3666 1037 3738 bonae
1055 3666 1127 3737 fidei
1146 3670 1305 3750 actiones,
1324 3687 1427 3758 neque
1444 3667 1545 3756 igitur

283 3817 365 3888 opus
392 3794 495 3864 inisse
522 3795 635 3866 arbitri
661 3795 894 3888 postulatione,
925 3816 989 3886 qua
1008 3792 1070 3863 hae
1096 3797 1237 3863 incertae
1263 3791 1383 3862 intendi
1409 3801 1545 3883 possent
1597 3799 1600 3805 '

204 3993 211 4006 ,
282 3925 435 3992 actiones.

887 4075 936 4172 11.

370 4301 565 4392 Priusquam
591 4297 632 4368 ad
657 4297 804 4391 singulos
831 4300 885 4390 qui
909 4296 961 4368 hic
988 4295 1194 4389 percurrendi
1216 4299 1282 4365 sint
1301 4295 1391 4366 locos
1413 4292 1544 4364 acceda-

283 4450 374 4512 mus,
394 4425 485 4495 brevi
503 4448 711 4517 praemonere
729 4426 840 4510 liceat,
862 4445 944 4517 quae
964 4425 1132 4515 emptionis
1152 4422 1249 4493 suerit
1266 4425 1337 4507 vis,
1358 4444 1430 4493 cum
1445 4424 1545 4491 actio-

281 4578 355 4625 nem
379 4575 493 4647 parerc
519 4575 583 4621 non
607 4553 738 4621 valeret.
776 4551 862 4646 quod
887 4553 1062 4620 recentiore
1088 4572 1169 4619 aevo
1190 4550 1253 4619 alia
1273 4552 1406 4641 quaevis
1425 4551 1542 4640 pactio,

283 4679 315 4750 id
327 4681 435 4752 Plauti
453 4688 558 4749 aetate
576 4680 651 4774 ipsa
670 4681 804 4770 emptio,
823 4677 886 4747 hoc
901 4687 952 4747 est
966 4699 1161 4761 consensus,
1183 4699 1223 4745 ex
1238 4697 1302 4768 qrro
1315 4683 1432 4767 postea
1446 4677 1544 4744 actio·
