3688 5372
919 261 969 336 20

355 452 448 519 447.
483 475 584 519 verum
606 457 682 519 istuc
705 467 856 543 argentum
873 465 976 520 'tamen
997 458 1069 520 mihi
1092 459 1118 521 si
1141 457 1185 520 vis
1208 454 1404 533 denumerare,

483 566 682 650 repromittam
705 566 780 627 istoc
800 567 918 629 nomine
941 564 1067 652 solutam
1089 586 1150 628 rem
1173 563 1310 628 suturam.

395 686 447 754 26.
642 732 644 736 -
696 727 731 738 -
758 689 813 753 eho
837 693 936 776 ecquis
959 711 1014 776 pro
1038 702 1158 755 vectura
1179 681 1262 753 olivi

482 796 669 864 remsolvit?
688 834 723 846 -
745 797 842 861 solvit.
864 835 898 848 -
920 800 990 885 quoi
1007 796 1107 862 datum
1122 796 1187 862 est?
1206 794 1363 872 -Sticho
1380 797 1487 861 vicario
1503 796 1568 888 ipsi.

396 920 448 987 30.
484 921 536 986 sed
558 925 626 1012 vina
649 944 722 1009 quae
746 923 814 987 herc
838 922 957 987 vendidi
980 925 1102 987 vinario·
1116 921 1309 1000 Exaerambo,

479 1031 540 1115 jam
562 1052 617 1116 pro
642 1033 677 1093 iis
701 1033 770 1094 satis
794 1029 862 1094 fecit
884 1028 1009 1122 Sticho?
1036 1069 1071 1078 -
1097 1027 1198 1095 fecisse
1222 1033 1292 1094 satis
1316 1033 1431 1117 opinor.

312 1153 392 1254 ‚1113
408 1153 460 1219 83.
483 1154 590 1220 redime
611 1158 686 1220 istoc
706 1155 845 1222 beneficio
867 1169 895 1220 tc
919 1154 954 1220 ab
978 1155 1044 1234 hoc,
1069 1170 1098 1228 et
1116 1157 1170 1221 tihi
1192 1179 1252 1222 eme
1272 1155 1351 1221 hunc
1365 1159 1422 1221 isto
1439 1155 1568 1242 argento.

308 1279 356 1344 llll
373 1278 456 1348 118.
902 1296 931 1368 et
953 1285 978 1347 si
1001 1305 1060 1371 qua
1081 1283 1192 1353 inutilis
1213 1369 1215 1377 ἢ

480 1390 595 1476 pictura
618 1393 669 1467 sit,
694 1410 756 1455 eam
781 1389 896 1455 vendat.

821 1557 1054 1628 Aulularia.

313 1735 316 1740 <
346 1689 452 1760 1182.
481 1706 516 1758 ut
538 1693 611 1758 benc
632 1717 678 1758 me
701 1693 838 1759 haberem
860 1696 930 1760 filiai
952 1699 1073 1782 nuptiis,

389 1867 391 1874 ,
481 1805 566 1866 venio
591 1801 628 1865 ad
650 1803 815 1880 macellum,
840 1807 937 1891 rogito
961 1807 1065 1891 pisces.
1101 1801 1230 1867 indicant

350 1963 386 1992 „,
482 1931 579 1986 caros,
605 1913 739 1998 agninam
764 1933 872 1989 caram,
898 1933 993 1975 caram
1015 1910 1165 1976 bubulam.

336 2021 339 2029 ¹
367 2021 370 2029 Δ
397 2023 446 2100 15.
477 2057 555 2099 nunc
577 2036 726 2101 tusculum
749 2040 804 2101 emi
827 2050 857 2103 et
878 2036 931 2102 has
956 2059 1080 2103 coronas
1102 2036 1218 2103 floreas.

307 2160 378 2225 1115
395 2160 447 2226 51.
477 2162 530 2226 ubi
552 2162 727 2251 nugivendis
750 2186 796 2227 res
816 2164 918 2228 ¹soluta
940 2177 993 2228 cst.

816 2289 1069 2412 Bacchides.

307 2464 454 2532 1111616.
483 2489 500 2530 o
525 2468 612 2532 stulte
636 2467 738 2544 stulte,
763 2471 857 2533 nescis
880 2491 959 2532 nune
981 2470 1079 2532 venire
1101 2480 1139 2544 te,

481 2588 568 2662 atque
591 2578 621 2639 in
645 2599 678 2640 co
702 2579 768 2662 ipso
793 2575 891 2640 adstas
914 2575 1010 2664 lapide
1034 2575 1086 2639 uhi
1109 2596 1214 2662 praeco
1238 2575 1394 2662 praedicat,

466 2721 520 2769 .··
543 2682 708 2772 responde,
733 2687 799 2770 quis
822 2707 867 2748 mc
891 2683 1013 2748 vendit?
1040 2721 1074 2732 -
1102 2705 1188 2770 quem
1212 2682 1241 2747 di
1265 2683 1397 2783 diligunt.

363 2807 452 2874 852.
480 2831 557 2873 nunc
579 2807 696 2873 Priamo
721 2823 824 2875 nostro
848 2814 873 2873 si
897 2813 1030 2897 estquis
1054 2820 1182 2896 emptor,
1208 2809 1448 2896 coemptionalem
1474 2831 1570 2875 senem

483 2917 606 2981 vendam
629 2940 700 3005 ego,
725 2917 855 2981 venalem
880 2939 966 3004 quern
989 2916 1093 2984 haheo.

310 3071 355 3118 sc.
376 3047 409 3117 7.
441 3049 533 3119 miles
553 3048 683 3142 quidam
701 3048 810 3134 adest,
831 3051 885 3142 qui
905 3051 991 3119 senis
1009 3048 1119 3134 filium,
1140 3047 1226 3141 qnod
1243 3048 1408 3119 mulierem
1425 3049 1570 3140 retineat,

309 3178 487 3266 opprimere
505 3177 682 3244 minitatur.
714 3177 806 3244 timet
829 3174 866 3244 dc
884 3175 939 3244 filii
957 3177 1026 3245 vita
1043 3185 1151 3267 pater:

389 3310 441 3377 24.
476 3315 585 3400 pacisci
608 3335 673 3376 cum
695 3312 745 3376 illo
769 3312 889 3398 paulula
911 3317 1034 3400 pecunia

479 3433 574 3508 potes.
603 3457 638 3468 -
664 3425 777 3509 pacisce
801 3444 887 3509 ergo,
914 3420 1053 3498 obsecro,
1078 3421 1150 3509 quid
1172 3418 1225 3484 tibi
1248 3421 1338 3486 lubet.

374 3543 443 3632 38.
479 3545 610 3611 ducentis
634 3547 779 3634 Philippis
803 3570 864 3611 rem
886 3550 995 3634 pepigi.
1031 3547 1090 3610 vah
1113 3547 1202 3611 salus.

352 3655 359 3664 ”
385 3657 441 3736 78.
466 3661 555 3736 'nunc
578 3676 663 3760 quasi
688 3672 820 3736 ducentis
843 3672 988 3760 Philippis
1012 3676 1067 3736 emi
1089 3672 1190 3750 filium,

480 3801 556 3866 quos
581 3779 648 3844 darc
670 3784 795 3867 promisi
816 3781 910 3844 militi.
947 3802 1022 3866 quos
1045 3804 1107 3845 non
1127 3779 1203 3844 dabo

378 3959 386 3980 δ
480 3899 586 3952 temere
610 3891 710 3966 etiam,
734 3891 907 3977 priusquam
929 3887 1021 3952 filium
1045 3910 1218 3954 convencro.

352 4009 441 4076 887.
900 4014 1032 4079 ducentis
1057 4015 1151 4078 aureis

479 4120 625 4208 Philippis
647 4120 756 4187 redemi
779 4125 869 4186 vitam
893 4143 931 4186 ex
952 4120 1064 4211 flagitio
1088 4136 1177 4187 tuam.
1276 4135 1280 4142 ·

851 4289 1025 4383 Captivi.

307 4425 383 4512 prol.
407 4423 438 4490 8.
483 4425 667 4513 quadrimum
690 4448 815 4515 puerum
839 4450 940 4493 servos
965 4431 1090 4516 surpuit,

481 4554 605 4621 eumque
628 4534 696 4598 hinc
713 4534 891 4624 profugiens
915 4536 1048 4602 vendidit
1069 4539 1099 4600 in
1122 4535 1206 4601 Alide

464 4640 734 4796 'patrid'hnjuscc
