<?xml version="1.0" encoding="UTF-8"?>
<!DOCTYPE html PUBLIC "-//W3C//DTD XHTML 1.0 Transitional//EN"
    "http://www.w3.org/TR/xhtml1/DTD/xhtml1-transitional.dtd">
<html xmlns="http://www.w3.org/1999/xhtml" xml:lang="en" lang="en">
 <head>
  <title>
</title>
<meta http-equiv="Content-Type" content="text/html;charset=utf-8" />
  <meta name='ocr-system' content='tesseract 3.04.00' />
  <meta name='ocr-capabilities' content='ocr_page ocr_carea ocr_par ocr_line ocrx_word'/>
</head>
<body>
  <div class='ocr_page' id='page_1' title='image "./deemptionevendi00bekkgoog_0020.png"; bbox 0 0 3688 5372; ppageno 0'>
   <div class='ocr_carea' id='block_1_1' title="bbox 892 282 939 354">
    <p class='ocr_par' dir='ltr' id='par_1_1' title="bbox 892 282 939 354">
     <span class='ocr_line' id='line_1_1' title="bbox 892 282 939 354; baseline 0 0"><span class='ocrx_word' id='word_1_1' title='bbox 892 282 939 354; x_wconf 81' lang='lat'>1&#39;5</span> 
     </span>
    </p>
   </div>
   <div class='ocr_carea' id='block_1_2' title="bbox 434 469 1546 671">
    <p class='ocr_par' dir='ltr' id='par_1_2' title="bbox 434 469 1546 671">
     <span class='ocr_line' id='line_1_2' title="bbox 434 469 1546 566; baseline -0.007 -22"><span class='ocrx_word' id='word_1_2' title='bbox 434 479 470 544; x_wconf 91' lang='lat' dir='ltr'>B.</span> <span class='ocrx_word' id='word_1_3' title='bbox 495 478 568 566; x_wconf 91' lang='lat' dir='ltr'>quid</span> <span class='ocrx_word' id='word_1_4' title='bbox 588 497 667 542; x_wconf 90' lang='lat' dir='ltr'>nunc</span> <span class='ocrx_word' id='word_1_5' title='bbox 689 473 815 543; x_wconf 76' lang='lat' dir='ltr'>faciant?</span> <span class='ocrx_word' id='word_1_6' title='bbox 842 471 880 538; x_wconf 89' lang='grc' dir='ltr'>Η.</span> <span class='ocrx_word' id='word_1_7' title='bbox 899 477 925 538; x_wconf 90' lang='lat' dir='ltr'>si</span> <span class='ocrx_word' id='word_1_8' title='bbox 946 475 987 538; x_wconf 92' lang='lat' dir='ltr'>mi</span> <span class='ocrx_word' id='word_1_9' title='bbox 1004 485 1156 562; x_wconf 80' lang='lat' dir='ltr'>argentum</span> <span class='ocrx_word' id='word_1_10' title='bbox 1173 470 1297 549; x_wconf 87' lang='lat' dir='ltr'>dederis,</span> <span class='ocrx_word' id='word_1_11' title='bbox 1315 485 1344 538; x_wconf 82' lang='lat' dir='ltr'>te</span> <span class='ocrx_word' id='word_1_12' title='bbox 1363 469 1546 560; x_wconf 88' lang='lat' dir='ltr'>suspendito.</span> 
     </span>
     <span class='ocr_line' id='line_1_3' title="bbox 435 579 1546 671; baseline -0.008 -20"><span class='ocrx_word' id='word_1_13' title='bbox 435 585 470 651; x_wconf 92' lang='lat' dir='ltr'>B.</span> <span class='ocrx_word' id='word_1_14' title='bbox 495 586 525 649; x_wconf 93' lang='lat' dir='ltr'>di</span> <span class='ocrx_word' id='word_1_15' title='bbox 552 598 581 649; x_wconf 89' lang='lat' dir='ltr'>te</span> <span class='ocrx_word' id='word_1_16' title='bbox 603 582 738 670; x_wconf 90' lang='lat' dir='ltr'>perdant.</span> <span class='ocrx_word' id='word_1_17' title='bbox 779 603 900 671; x_wconf 78' lang='lat' dir='ltr'>sequere</span> <span class='ocrx_word' id='word_1_18' title='bbox 924 585 964 648; x_wconf 89' lang='lat' dir='ltr'>sis</span> <span class='ocrx_word' id='word_1_19' title='bbox 991 604 1038 648; x_wconf 87' lang='lat' dir='ltr'>me</span> <span class='ocrx_word' id='word_1_20' title='bbox 1060 603 1130 671; x_wconf 82' lang='lat' dir='ltr'>ergo</span> <span class='ocrx_word' id='word_1_21' title='bbox 1160 580 1198 646; x_wconf 90' lang='lat' dir='ltr'>ad</span> <span class='ocrx_word' id='word_1_22' title='bbox 1225 579 1337 658; x_wconf 86' lang='lat' dir='ltr'>sorum,</span> <span class='ocrx_word' id='word_1_23' title='bbox 1367 592 1402 645; x_wconf 91' lang='lat' dir='ltr'>ut</span> <span class='ocrx_word' id='word_1_24' title='bbox 1424 579 1546 646; x_wconf 82' lang='lat' dir='ltr'>solvam.</span> 
     </span>
    </p>
   </div>
   <div class='ocr_carea' id='block_1_3' title="bbox 1207 687 1388 776">
    <p class='ocr_par' dir='ltr' id='par_1_3' title="bbox 1207 687 1388 776">
     <span class='ocr_line' id='line_1_4' title="bbox 1207 687 1388 776; baseline -0.017 -22"><span class='ocrx_word' id='word_1_25' title='bbox 1207 687 1245 754; x_wconf 90' lang='lat' dir='ltr'>H.</span> <span class='ocrx_word' id='word_1_26' title='bbox 1271 708 1388 776; x_wconf 89' lang='lat' dir='ltr'>sequor.</span> 
     </span>
    </p>
   </div>
   <div class='ocr_carea' id='block_1_4' title="bbox 280 851 1548 1584">
    <p class='ocr_par' dir='ltr' id='par_1_4' title="bbox 281 851 1548 1307">
     <span class='ocr_line' id='line_1_5' title="bbox 281 851 1548 955; baseline -0.006 -24"><span class='ocrx_word' id='word_1_27' title='bbox 281 871 372 955; x_wconf 87' lang='lat' dir='ltr'>patet</span> <span class='ocrx_word' id='word_1_28' title='bbox 397 879 474 951; x_wconf 82' lang='lat' dir='ltr'>ergo</span> <span class='ocrx_word' id='word_1_29' title='bbox 498 860 668 952; x_wconf 85' lang='lat' dir='ltr'>pecuniam</span> <span class='ocrx_word' id='word_1_30' title='bbox 691 860 896 955; x_wconf 88' lang='lat' dir='ltr'>petiposse,</span> <span class='ocrx_word' id='word_1_31' title='bbox 922 855 1089 926; x_wconf 88' lang='lat' dir='ltr'>muherem</span> <span class='ocrx_word' id='word_1_32' title='bbox 1114 858 1179 949; x_wconf 87' lang='lat' dir='ltr'>peti</span> <span class='ocrx_word' id='word_1_33' title='bbox 1203 877 1268 928; x_wconf 95' lang='lat' dir='ltr'>non</span> <span class='ocrx_word' id='word_1_34' title='bbox 1289 877 1404 948; x_wconf 89' lang='lat' dir='ltr'>posse,</span> <span class='ocrx_word' id='word_1_35' title='bbox 1430 875 1473 924; x_wconf 86' lang='lat' dir='ltr'>ex</span> <span class='ocrx_word' id='word_1_36' title='bbox 1494 851 1548 924; x_wconf 93' lang='lat' dir='ltr'>da·</span> 
     </span>
     <span class='ocr_line' id='line_1_6' title="bbox 282 977 1548 1077; baseline -0.006 -21"><span class='ocrx_word' id='word_1_37' title='bbox 282 990 368 1056; x_wconf 88' lang='lat' dir='ltr'>tione</span> <span class='ocrx_word' id='word_1_38' title='bbox 393 987 550 1055; x_wconf 83' lang='lat' dir='ltr'>actionem</span> <span class='ocrx_word' id='word_1_39' title='bbox 575 987 668 1055; x_wconf 90' lang='lat' dir='ltr'>nasci</span> <span class='ocrx_word' id='word_1_40' title='bbox 692 982 806 1077; x_wconf 83' lang='lat' dir='ltr'>(neque</span> <span class='ocrx_word' id='word_1_41' title='bbox 826 986 925 1069; x_wconf 91' lang='lat' dir='ltr'>enim,</span> <span class='ocrx_word' id='word_1_42' title='bbox 952 985 981 1054; x_wconf 95' lang='lat' dir='ltr'>si</span> <span class='ocrx_word' id='word_1_43' title='bbox 1008 985 1080 1075; x_wconf 81' lang='lat' dir='ltr'>cogi</span> <span class='ocrx_word' id='word_1_44' title='bbox 1103 1004 1168 1052; x_wconf 95' lang='lat' dir='ltr'>non</span> <span class='ocrx_word' id='word_1_45' title='bbox 1186 992 1317 1076; x_wconf 87' lang='lat' dir='ltr'>posset,</span> <span class='ocrx_word' id='word_1_46' title='bbox 1338 980 1410 1050; x_wconf 90' lang='lat' dir='ltr'>leno</span> <span class='ocrx_word' id='word_1_47' title='bbox 1435 977 1477 1049; x_wconf 87' lang='lat' dir='ltr'>ad</span> <span class='ocrx_word' id='word_1_48' title='bbox 1497 1002 1548 1049; x_wconf 90' lang='lat' dir='ltr'>ar-</span> 
     </span>
     <span class='ocr_line' id='line_1_7' title="bbox 283 1106 1548 1204; baseline -0.003 -25"><span class='ocrx_word' id='word_1_49' title='bbox 283 1120 415 1204; x_wconf 83' lang='lat' dir='ltr'>gentum</span> <span class='ocrx_word' id='word_1_50' title='bbox 440 1113 552 1182; x_wconf 91' lang='lat' dir='ltr'>statim</span> <span class='ocrx_word' id='word_1_51' title='bbox 576 1109 772 1183; x_wconf 91' lang='lat' dir='ltr'>reddendum</span> <span class='ocrx_word' id='word_1_52' title='bbox 794 1121 966 1204; x_wconf 89' lang='lat' dir='ltr'>promptus</span> <span class='ocrx_word' id='word_1_53' title='bbox 991 1106 1105 1196; x_wconf 78' lang='lat' dir='ltr'>foret),</span> <span class='ocrx_word' id='word_1_54' title='bbox 1133 1115 1176 1180; x_wconf 79' lang='lat' dir='ltr'>ex</span> <span class='ocrx_word' id='word_1_55' title='bbox 1198 1111 1273 1202; x_wconf 91' lang='lat' dir='ltr'>ipsa</span> <span class='ocrx_word' id='word_1_56' title='bbox 1301 1109 1459 1200; x_wconf 84' lang='lat' dir='ltr'>emptione</span> <span class='ocrx_word' id='word_1_57' title='bbox 1483 1127 1548 1176; x_wconf 92' lang='lat' dir='ltr'>non</span> 
     </span>
     <span class='ocr_line' id='line_1_8' title="bbox 282 1239 457 1307; baseline 0 -1"><span class='ocrx_word' id='word_1_58' title='bbox 282 1239 382 1307; x_wconf 88' lang='lat' dir='ltr'>nasci.</span> <span class='ocrx_word' id='word_1_59' title='bbox 453 1241 457 1251; x_wconf 87' lang='lat'>&#39;</span> 
     </span>
    </p>

    <p class='ocr_par' dir='ltr' id='par_1_5' title="bbox 280 1357 1548 1584">
     <span class='ocr_line' id='line_1_9' title="bbox 368 1357 1548 1453; baseline -0.004 -21"><span class='ocrx_word' id='word_1_60' title='bbox 368 1360 454 1432; x_wconf 88' lang='lat' dir='ltr'>idem</span> <span class='ocrx_word' id='word_1_61' title='bbox 466 1361 668 1433; x_wconf 81' lang='lat' dir='ltr'>Mostellaria</span> <span class='ocrx_word' id='word_1_62' title='bbox 683 1361 853 1433; x_wconf 87' lang='lat' dir='ltr'>confirmat</span> <span class='ocrx_word' id='word_1_63' title='bbox 869 1360 990 1432; x_wconf 86' lang='lat' dir='ltr'>fabula.</span> <span class='ocrx_word' id='word_1_64' title='bbox 1014 1382 1083 1453; x_wconf 88' lang='lat' dir='ltr'>qno</span> <span class='ocrx_word' id='word_1_65' title='bbox 1103 1362 1209 1452; x_wconf 83' lang='lat' dir='ltr'>magis</span> <span class='ocrx_word' id='word_1_66' title='bbox 1225 1359 1388 1430; x_wconf 90' lang='lat' dir='ltr'>dominum</span> <span class='ocrx_word' id='word_1_67' title='bbox 1403 1357 1548 1428; x_wconf 89' lang='lat' dir='ltr'>Thenro·</span> 
     </span>
     <span class='ocr_line' id='line_1_10' title="bbox 280 1483 1547 1584; baseline -0.005 -25"><span class='ocrx_word' id='word_1_68' title='bbox 280 1487 385 1581; x_wconf 86' lang='lat' dir='ltr'>pidem</span> <span class='ocrx_word' id='word_1_69' title='bbox 400 1510 443 1558; x_wconf 85' lang='lat' dir='ltr'>ex</span> <span class='ocrx_word' id='word_1_70' title='bbox 454 1489 566 1557; x_wconf 91' lang='lat' dir='ltr'>itinere</span> <span class='ocrx_word' id='word_1_71' title='bbox 580 1487 731 1558; x_wconf 89' lang='lat' dir='ltr'>reducem</span> <span class='ocrx_word' id='word_1_72' title='bbox 745 1499 908 1584; x_wconf 86' lang='lat' dir='ltr'>emungat,</span> <span class='ocrx_word' id='word_1_73' title='bbox 924 1509 1041 1558; x_wconf 82' lang='lat' dir='ltr'>servus</span> <span class='ocrx_word' id='word_1_74' title='bbox 1055 1485 1177 1557; x_wconf 86' lang='lat' dir='ltr'>Tranio</span> <span class='ocrx_word' id='word_1_75' title='bbox 1192 1485 1293 1557; x_wconf 92' lang='lat' dir='ltr'>lilium</span> <span class='ocrx_word' id='word_1_76' title='bbox 1306 1483 1439 1558; x_wconf 88' lang='lat' dir='ltr'>herilem</span> <span class='ocrx_word' id='word_1_77' title='bbox 1452 1483 1547 1554; x_wconf 89' lang='lat' dir='ltr'>aedes</span> 
     </span>
    </p>
   </div>
   <div class='ocr_carea' id='block_1_5' title="bbox 282 1611 755 1707">
    <p class='ocr_par' dir='ltr' id='par_1_6' title="bbox 282 1611 755 1707">
     <span class='ocr_line' id='line_1_11' title="bbox 282 1611 755 1707; baseline 0.008 -25"><span class='ocrx_word' id='word_1_78' title='bbox 282 1615 399 1704; x_wconf 89' lang='lat' dir='ltr'>emisse</span> <span class='ocrx_word' id='word_1_79' title='bbox 416 1612 516 1707; x_wconf 80' lang='lat' dir='ltr'>tingit.</span> <span class='ocrx_word' id='word_1_80' title='bbox 543 1611 630 1702; x_wconf 87' lang='lat' dir='ltr'>(llll</span> <span class='ocrx_word' id='word_1_81' title='bbox 652 1612 755 1704; x_wconf 87' lang='lat'><strong>103):</strong></span> 
     </span>
    </p>
   </div>
   <div class='ocr_carea' id='block_1_6' title="bbox 418 1769 1454 2180">
    <p class='ocr_par' dir='ltr' id='par_1_7' title="bbox 418 1769 1454 2180">
     <span class='ocr_line' id='line_1_12' title="bbox 985 1769 1099 1834; baseline 0.009 -1"><span class='ocrx_word' id='word_1_82' title='bbox 985 1769 1099 1834; x_wconf 85' lang='lat' dir='ltr'>sli&#39;us</span> 
     </span>
     <span class='ocr_line' id='line_1_13' title="bbox 434 1769 1454 1962; baseline -0.002 -22"><span class='ocrx_word' id='word_1_83' title='bbox 434 1888 505 1941; x_wconf 77' lang='lat' dir='ltr'>tirus</span> <span class='ocrx_word' id='word_1_84' title='bbox 528 1878 605 1941; x_wconf 90' lang='lat' dir='ltr'>emit.</span> <span class='ocrx_word' id='word_1_85' title='bbox 644 1876 702 1940; x_wconf 91' lang='lat' dir='ltr'>Th.</span> <span class='ocrx_word' id='word_1_86' title='bbox 726 1875 834 1941; x_wconf 76' lang='lat' dir='ltr'>aedes?</span> <span class='ocrx_word' id='word_1_87' title='bbox 868 1769 1134 1942; x_wconf 54' lang='lat' dir='ltr'>TrledleedesllTh.</span> <span class='ocrx_word' id='word_1_88' title='bbox 1160 1897 1242 1962; x_wconf 80' lang='lat' dir='ltr'>enge.</span> <span class='ocrx_word' id='word_1_89' title='bbox 1270 1873 1454 1940; x_wconf 87' lang='lat' dir='ltr'>Philolaches</span> 
     </span>
     <span class='ocr_line' id='line_1_14' title="bbox 418 1985 1191 2087; baseline -0.001 -40"><span class='ocrx_word' id='word_1_90' title='bbox 418 1988 581 2087; x_wconf 81' lang='lat' dir='ltr'>&#39;patrissat</span> <span class='ocrx_word' id='word_1_91' title='bbox 612 1985 675 2069; x_wconf 87' lang='lat' dir='ltr'>jam</span> <span class='ocrx_word' id='word_1_92' title='bbox 698 1985 788 2049; x_wconf 91' lang='lat' dir='ltr'>homo</span> <span class='ocrx_word' id='word_1_93' title='bbox 812 1987 843 2049; x_wconf 96' lang='lat' dir='ltr'>in</span> <span class='ocrx_word' id='word_1_94' title='bbox 865 1998 1030 2049; x_wconf 88' lang='lat' dir='ltr'>mercatura</span> <span class='ocrx_word' id='word_1_95' title='bbox 1052 1987 1191 2049; x_wconf 86' lang='lat' dir='ltr'>vortitur.</span> 
     </span>
     <span class='ocr_line' id='line_1_15' title="bbox 435 2090 1017 2180; baseline 0.003 -26"><span class='ocrx_word' id='word_1_96' title='bbox 435 2094 483 2155; x_wconf 89' lang='lat' dir='ltr'>ain</span> <span class='ocrx_word' id='word_1_97' title='bbox 505 2104 540 2156; x_wconf 92' lang='lat' dir='ltr'>tu</span> <span class='ocrx_word' id='word_1_98' title='bbox 563 2091 671 2156; x_wconf 76' lang='lat' dir='ltr'>aedes?</span> <span class='ocrx_word' id='word_1_99' title='bbox 701 2091 753 2155; x_wconf 89' lang='lat' dir='ltr'>Tr.</span> <span class='ocrx_word' id='word_1_100' title='bbox 778 2090 864 2156; x_wconf 89' lang='lat' dir='ltr'>aedes</span> <span class='ocrx_word' id='word_1_101' title='bbox 888 2096 1017 2180; x_wconf 90' lang='lat' dir='ltr'>inquam.</span> 
     </span>
    </p>
   </div>
   <div class='ocr_carea' id='block_1_7' title="bbox 281 2209 1350 2848">
    <p class='ocr_par' dir='ltr' id='par_1_8' title="bbox 281 2209 1350 2848">
     <span class='ocr_line' id='line_1_16' title="bbox 281 2209 1350 2332; baseline 0.004 -30"><span class='ocrx_word' id='word_1_102' title='bbox 281 2262 307 2303; x_wconf 87' lang='lat' dir='ltr'>v.</span> <span class='ocrx_word' id='word_1_103' title='bbox 327 2237 399 2307; x_wconf 87' lang='lat'><strong>109.</strong></span> <span class='ocrx_word' id='word_1_104' title='bbox 435 2243 493 2307; x_wconf 89' lang='lat' dir='ltr'>Th.</span> <span class='ocrx_word' id='word_1_105' title='bbox 517 2209 591 2309; x_wconf 83' lang='lat' dir='ltr'>hene</span> <span class='ocrx_word' id='word_1_106' title='bbox 613 2243 709 2308; x_wconf 90' lang='lat' dir='ltr'>hercle</span> <span class='ocrx_word' id='word_1_107' title='bbox 731 2242 849 2309; x_wconf 86' lang='lat' dir='ltr'>lactum.</span> <span class='ocrx_word' id='word_1_108' title='bbox 886 2244 980 2332; x_wconf 83' lang='lat' dir='ltr'>quid?</span> <span class='ocrx_word' id='word_1_109' title='bbox 1003 2265 1051 2309; x_wconf 90' lang='lat' dir='ltr'>eas</span> <span class='ocrx_word' id='word_1_110' title='bbox 1075 2247 1179 2331; x_wconf 87' lang='lat' dir='ltr'>quanti</span> <span class='ocrx_word' id='word_1_111' title='bbox 1201 2241 1350 2308; x_wconf 79' lang='lat' dir='ltr'>destinati</span> 
     </span>
     <span class='ocr_line' id='line_1_17' title="bbox 435 2350 1329 2441; baseline 0.001 -27"><span class='ocrx_word' id='word_1_112' title='bbox 435 2350 487 2414; x_wconf 87' lang='lat' dir='ltr'>Tr.</span> <span class='ocrx_word' id='word_1_113' title='bbox 510 2351 627 2417; x_wconf 90' lang='lat' dir='ltr'>talentis</span> <span class='ocrx_word' id='word_1_114' title='bbox 649 2355 763 2439; x_wconf 89' lang='lat' dir='ltr'>magnis</span> <span class='ocrx_word' id='word_1_115' title='bbox 786 2352 909 2417; x_wconf 87' lang='lat' dir='ltr'>totidem</span> <span class='ocrx_word' id='word_1_116' title='bbox 933 2365 1008 2441; x_wconf 93' lang='lat' dir='ltr'>quot</span> <span class='ocrx_word' id='word_1_117' title='bbox 1031 2375 1086 2440; x_wconf 81' lang='lat' dir='ltr'>ego</span> <span class='ocrx_word' id='word_1_118' title='bbox 1110 2364 1139 2416; x_wconf 90' lang='lat' dir='ltr'>et</span> <span class='ocrx_word' id='word_1_119' title='bbox 1160 2365 1195 2416; x_wconf 92' lang='lat' dir='ltr'>tu</span> <span class='ocrx_word' id='word_1_120' title='bbox 1217 2370 1329 2416; x_wconf 88' lang='lat' dir='ltr'>sumus.</span> 
     </span>
     <span class='ocr_line' id='line_1_18' title="bbox 433 2458 1189 2548; baseline 0.001 -27"><span class='ocrx_word' id='word_1_121' title='bbox 433 2458 485 2522; x_wconf 91' lang='lat' dir='ltr'>sed</span> <span class='ocrx_word' id='word_1_122' title='bbox 508 2459 666 2525; x_wconf 89' lang='lat' dir='ltr'>arrhaboni</span> <span class='ocrx_word' id='word_1_123' title='bbox 688 2460 742 2523; x_wconf 89' lang='lat' dir='ltr'>has</span> <span class='ocrx_word' id='word_1_124' title='bbox 767 2459 847 2524; x_wconf 82' lang='lat' dir='ltr'>dedit</span> <span class='ocrx_word' id='word_1_125' title='bbox 870 2460 1065 2548; x_wconf 84' lang='lat' dir='ltr'>quadraginta</span> <span class='ocrx_word' id='word_1_126' title='bbox 1087 2463 1189 2523; x_wconf 88' lang='lat' dir='ltr'>minas.</span> 
     </span>
     <span class='ocr_line' id='line_1_19' title="bbox 431 2563 1284 2654; baseline 0 -25"><span class='ocrx_word' id='word_1_127' title='bbox 431 2564 499 2630; x_wconf 91' lang='lat' dir='ltr'>hinc</span> <span class='ocrx_word' id='word_1_128' title='bbox 523 2570 649 2654; x_wconf 89' lang='lat' dir='ltr'>sumpsit</span> <span class='ocrx_word' id='word_1_129' title='bbox 673 2589 746 2654; x_wconf 90' lang='lat' dir='ltr'>quas</span> <span class='ocrx_word' id='word_1_130' title='bbox 770 2570 796 2630; x_wconf 92' lang='lat' dir='ltr'>ei</span> <span class='ocrx_word' id='word_1_131' title='bbox 821 2566 963 2632; x_wconf 89' lang='lat' dir='ltr'>dedimus.</span> <span class='ocrx_word' id='word_1_132' title='bbox 1003 2571 1096 2633; x_wconf 90' lang='lat' dir='ltr'>satine</span> <span class='ocrx_word' id='word_1_133' title='bbox 1119 2563 1284 2654; x_wconf 76' lang='lat' dir='ltr'>intellegis?</span> 
     </span>
     <span class='ocr_line' id='line_1_20' title="bbox 434 2672 1301 2760; baseline 0.001 -24"><span class='ocrx_word' id='word_1_134' title='bbox 434 2695 502 2736; x_wconf 89' lang='lat' dir='ltr'>nam</span> <span class='ocrx_word' id='word_1_135' title='bbox 523 2686 683 2760; x_wconf 87' lang='lat' dir='ltr'>postquam</span> <span class='ocrx_word' id='word_1_136' title='bbox 707 2674 793 2738; x_wconf 90' lang='lat' dir='ltr'>haece</span> <span class='ocrx_word' id='word_1_137' title='bbox 817 2673 902 2740; x_wconf 88' lang='lat' dir='ltr'>aedes</span> <span class='ocrx_word' id='word_1_138' title='bbox 926 2679 968 2739; x_wconf 90' lang='lat' dir='ltr'>ita</span> <span class='ocrx_word' id='word_1_139' title='bbox 991 2689 1073 2740; x_wconf 91' lang='lat' dir='ltr'>erant</span> <span class='ocrx_word' id='word_1_140' title='bbox 1095 2688 1130 2739; x_wconf 90' lang='lat' dir='ltr'>nt</span> <span class='ocrx_word' id='word_1_141' title='bbox 1153 2675 1215 2739; x_wconf 84' lang='lat' dir='ltr'>dixi</span> <span class='ocrx_word' id='word_1_142' title='bbox 1238 2672 1301 2752; x_wconf 87' lang='lat' dir='ltr'>tihi,</span> 
     </span>
     <span class='ocr_line' id='line_1_21' title="bbox 434 2779 1100 2848; baseline 0.002 -3"><span class='ocrx_word' id='word_1_143' title='bbox 434 2783 574 2845; x_wconf 93' lang='lat' dir='ltr'>continuo</span> <span class='ocrx_word' id='word_1_144' title='bbox 599 2794 644 2846; x_wconf 90' lang='lat' dir='ltr'>est</span> <span class='ocrx_word' id='word_1_145' title='bbox 666 2781 735 2846; x_wconf 88' lang='lat' dir='ltr'>alias</span> <span class='ocrx_word' id='word_1_146' title='bbox 760 2779 845 2848; x_wconf 90' lang='lat' dir='ltr'>aedes</span> <span class='ocrx_word' id='word_1_147' title='bbox 868 2796 1012 2848; x_wconf 89' lang='lat' dir='ltr'>mercatus</span> <span class='ocrx_word' id='word_1_148' title='bbox 1035 2782 1100 2848; x_wconf 91' lang='lat' dir='ltr'>sihi.</span> 
     </span>
    </p>
   </div>
   <div class='ocr_carea' id='block_1_8' title="bbox 277 2919 1073 3013">
    <p class='ocr_par' dir='ltr' id='par_1_9' title="bbox 277 2919 1073 3013">
     <span class='ocr_line' id='line_1_22' title="bbox 277 2919 1073 3013; baseline 0.005 -27"><span class='ocrx_word' id='word_1_149' title='bbox 277 2919 398 2988; x_wconf 82' lang='lat' dir='ltr'><strong>v.131.</strong></span> <span class='ocrx_word' id='word_1_150' title='bbox 433 2946 481 2988; x_wconf 90' lang='lat' dir='ltr'>eas</span> <span class='ocrx_word' id='word_1_151' title='bbox 506 2926 608 2989; x_wconf 89' lang='lat' dir='ltr'>emisse</span> <span class='ocrx_word' id='word_1_152' title='bbox 632 2924 717 2989; x_wconf 89' lang='lat' dir='ltr'>aedes</span> <span class='ocrx_word' id='word_1_153' title='bbox 740 2925 832 3013; x_wconf 86' lang='lat' dir='ltr'>hujus</span> <span class='ocrx_word' id='word_1_154' title='bbox 857 2925 950 2991; x_wconf 88' lang='lat' dir='ltr'>dicam</span> <span class='ocrx_word' id='word_1_155' title='bbox 972 2926 1073 2990; x_wconf 90' lang='lat' dir='ltr'>lilium.</span> 
     </span>
    </p>
   </div>
   <div class='ocr_carea' id='block_1_9' title="bbox 277 3063 1139 3170">
    <p class='ocr_par' dir='ltr' id='par_1_10' title="bbox 277 3063 1139 3170">
     <span class='ocr_line' id='line_1_23' title="bbox 277 3063 1139 3170; baseline 0.003 -41"><span class='ocrx_word' id='word_1_156' title='bbox 277 3089 306 3130; x_wconf 80' lang='grc' dir='ltr'>ν.</span> <span class='ocrx_word' id='word_1_157' title='bbox 326 3063 398 3132; x_wconf 82' lang='grc'><strong>137.</strong></span> <span class='ocrx_word' id='word_1_158' title='bbox 413 3158 418 3170; x_wconf 33' lang='lat'>¹</span> <span class='ocrx_word' id='word_1_159' title='bbox 433 3080 503 3133; x_wconf 91' lang='lat' dir='ltr'>tuus</span> <span class='ocrx_word' id='word_1_160' title='bbox 528 3071 597 3133; x_wconf 89' lang='lat' dir='ltr'>emit</span> <span class='ocrx_word' id='word_1_161' title='bbox 619 3068 704 3133; x_wconf 91' lang='lat' dir='ltr'>aedes</span> <span class='ocrx_word' id='word_1_162' title='bbox 727 3068 815 3134; x_wconf 90' lang='lat' dir='ltr'>lilius.</span> <span class='ocrx_word' id='word_1_163' title='bbox 853 3070 911 3134; x_wconf 91' lang='lat' dir='ltr'>Th.</span> <span class='ocrx_word' id='word_1_164' title='bbox 935 3069 1036 3134; x_wconf 91' lang='lat' dir='ltr'>bonan</span> <span class='ocrx_word' id='word_1_165' title='bbox 1058 3068 1139 3135; x_wconf 84' lang='lat' dir='ltr'>fide?</span> 
     </span>
    </p>
   </div>
   <div class='ocr_carea' id='block_1_10' title="bbox 204 3207 1545 3459">
    <p class='ocr_par' dir='ltr' id='par_1_11' title="bbox 204 3207 1545 3459">
     <span class='ocr_line' id='line_1_24' title="bbox 204 3207 1545 3338; baseline 0.002 -28"><span class='ocrx_word' id='word_1_166' title='bbox 204 3207 226 3248; x_wconf 40' lang='lat'><strong><em>⁹</em></strong></span> <span class='ocrx_word' id='word_1_167' title='bbox 279 3254 461 3334; x_wconf 89' lang='lat' dir='ltr'>sequnntur</span> <span class='ocrx_word' id='word_1_168' title='bbox 487 3245 662 3338; x_wconf 84' lang='lat' dir='ltr'>quaejam</span> <span class='ocrx_word' id='word_1_169' title='bbox 686 3227 1017 3337; x_wconf 35' lang='lat' dir='ltr'>supra&#39;relatasunt.</span> <span class='ocrx_word' id='word_1_170' title='bbox 1054 3244 1268 3328; x_wconf 87' lang='lat' dir='ltr'>venditorem,</span> <span class='ocrx_word' id='word_1_171' title='bbox 1294 3264 1389 3336; x_wconf 90' lang='lat' dir='ltr'>quem</span> <span class='ocrx_word' id='word_1_172' title='bbox 1405 3239 1545 3330; x_wconf 85' lang='lat' dir='ltr'>finxerit,</span> 
     </span>
     <span class='ocr_line' id='line_1_25' title="bbox 276 3366 1449 3459; baseline 0.002 -23"><span class='ocrx_word' id='word_1_173' title='bbox 276 3370 442 3459; x_wconf 81' lang='lat' dir='ltr'>poenitere.</span> <span class='ocrx_word' id='word_1_174' title='bbox 456 3370 650 3440; x_wconf 87' lang='lat' dir='ltr'>venditionis</span> <span class='ocrx_word' id='word_1_175' title='bbox 671 3381 857 3441; x_wconf 86' lang='lat' dir='ltr'>contractae</span> <span class='ocrx_word' id='word_1_176' title='bbox 874 3371 959 3441; x_wconf 92' lang='lat' dir='ltr'>idem</span> <span class='ocrx_word' id='word_1_177' title='bbox 977 3369 1066 3441; x_wconf 85' lang='lat' dir='ltr'>addit</span> <span class='ocrx_word' id='word_1_178' title='bbox 1084 3393 1212 3441; x_wconf 86' lang='lat' dir='ltr'>servus.</span> <span class='ocrx_word' id='word_1_179' title='bbox 1237 3366 1325 3457; x_wconf 83' lang='lat'>(1112</span> <span class='ocrx_word' id='word_1_180' title='bbox 1346 3367 1449 3457; x_wconf 84' lang='lat'><strong>109):</strong></span> 
     </span>
    </p>
   </div>
   <div class='ocr_carea' id='block_1_11' title="bbox 430 3506 1365 3812">
    <p class='ocr_par' dir='ltr' id='par_1_12' title="bbox 430 3506 1365 3812">
     <span class='ocr_line' id='line_1_26' title="bbox 430 3506 1110 3574; baseline 0.001 -3"><span class='ocrx_word' id='word_1_181' title='bbox 430 3506 482 3571; x_wconf 91' lang='lat' dir='ltr'>sed</span> <span class='ocrx_word' id='word_1_182' title='bbox 505 3511 529 3573; x_wconf 94' lang='lat' dir='ltr'>is</span> <span class='ocrx_word' id='word_1_183' title='bbox 552 3520 681 3572; x_wconf 89' lang='lat' dir='ltr'>maestus</span> <span class='ocrx_word' id='word_1_184' title='bbox 704 3521 749 3573; x_wconf 89' lang='lat' dir='ltr'>est</span> <span class='ocrx_word' id='word_1_185' title='bbox 771 3509 857 3574; x_wconf 86' lang='lat' dir='ltr'>hasce</span> <span class='ocrx_word' id='word_1_186' title='bbox 880 3530 911 3572; x_wconf 89' lang='lat' dir='ltr'>se</span> <span class='ocrx_word' id='word_1_187' title='bbox 934 3507 1110 3573; x_wconf 90' lang='lat' dir='ltr'>vendidisse.</span> 
     </span>
     <span class='ocr_line' id='line_1_27' title="bbox 433 3614 1365 3702; baseline 0.002 -23"><span class='ocrx_word' id='word_1_188' title='bbox 433 3615 491 3679; x_wconf 88' lang='lat' dir='ltr'>Th.</span> <span class='ocrx_word' id='word_1_189' title='bbox 517 3616 590 3702; x_wconf 91' lang='lat' dir='ltr'>quid</span> <span class='ocrx_word' id='word_1_190' title='bbox 612 3614 752 3680; x_wconf 79' lang='lat' dir='ltr'>tandun?</span> <span class='ocrx_word' id='word_1_191' title='bbox 788 3617 840 3682; x_wconf 89' lang='lat' dir='ltr'>Tr.</span> <span class='ocrx_word' id='word_1_192' title='bbox 866 3630 932 3683; x_wconf 91' lang='lat' dir='ltr'>orat</span> <span class='ocrx_word' id='word_1_193' title='bbox 953 3629 989 3680; x_wconf 89' lang='lat' dir='ltr'>nt</span> <span class='ocrx_word' id='word_1_194' title='bbox 1011 3617 1150 3682; x_wconf 84' lang='lat' dir='ltr'>suadeam</span> <span class='ocrx_word' id='word_1_195' title='bbox 1171 3614 1365 3682; x_wconf 76' lang='lat' dir='ltr'>Philolacheti</span> 
     </span>
     <span class='ocr_line' id='line_1_28' title="bbox 430 3723 1145 3812; baseline 0.006 -27"><span class='ocrx_word' id='word_1_196' title='bbox 430 3735 465 3786; x_wconf 92' lang='lat' dir='ltr'>nt</span> <span class='ocrx_word' id='word_1_197' title='bbox 487 3726 559 3789; x_wconf 91' lang='lat' dir='ltr'>istas</span> <span class='ocrx_word' id='word_1_198' title='bbox 582 3727 711 3788; x_wconf 89' lang='lat' dir='ltr'>remittat</span> <span class='ocrx_word' id='word_1_199' title='bbox 734 3723 799 3788; x_wconf 91' lang='lat' dir='ltr'>sihi.</span> <span class='ocrx_word' id='word_1_200' title='bbox 840 3725 898 3789; x_wconf 90' lang='lat' dir='ltr'>Th.</span> <span class='ocrx_word' id='word_1_201' title='bbox 924 3724 1005 3789; x_wconf 89' lang='lat' dir='ltr'>haud</span> <span class='ocrx_word' id='word_1_202' title='bbox 1027 3727 1145 3812; x_wconf 87' lang='lat' dir='ltr'>opinor.</span> 
     </span>
    </p>
   </div>
   <div class='ocr_carea' id='block_1_12' title="bbox 276 3871 1030 3967">
    <p class='ocr_par' dir='ltr' id='par_1_13' title="bbox 276 3871 1030 3967">
     <span class='ocr_line' id='line_1_29' title="bbox 276 3871 1030 3967; baseline 0.003 -25"><span class='ocrx_word' id='word_1_203' title='bbox 276 3893 359 3966; x_wconf 88' lang='lat' dir='ltr'>quae</span> <span class='ocrx_word' id='word_1_204' title='bbox 376 3871 576 3958; x_wconf 87' lang='lat' dir='ltr'>inferuntur,</span> <span class='ocrx_word' id='word_1_205' title='bbox 595 3875 673 3942; x_wconf 91' lang='lat' dir='ltr'>item</span> <span class='ocrx_word' id='word_1_206' title='bbox 685 3873 757 3967; x_wconf 88' lang='lat' dir='ltr'>jam</span> <span class='ocrx_word' id='word_1_207' title='bbox 776 3874 879 3945; x_wconf 92' lang='lat' dir='ltr'>attuli.</span> <span class='ocrx_word' id='word_1_208' title='bbox 913 3873 1030 3944; x_wconf 87' lang='lat' dir='ltr'>addas:</span> 
     </span>
    </p>
   </div>
   <div class='ocr_carea' id='block_1_13' title="bbox 276 4006 1496 4185">
    <p class='ocr_par' dir='ltr' id='par_1_14' title="bbox 276 4006 1496 4185">
     <span class='ocr_line' id='line_1_30' title="bbox 276 4006 1407 4099; baseline 0.003 -28"><span class='ocrx_word' id='word_1_209' title='bbox 276 4031 303 4070; x_wconf 88' lang='lat' dir='ltr'>v.</span> <span class='ocrx_word' id='word_1_210' title='bbox 323 4006 395 4074; x_wconf 74' lang='lat'><strong>124.</strong></span> <span class='ocrx_word' id='word_1_211' title='bbox 642 4012 680 4076; x_wconf 90' lang='lat' dir='ltr'>ah</span> <span class='ocrx_word' id='word_1_212' title='bbox 704 4035 773 4078; x_wconf 90' lang='lat' dir='ltr'>cave</span> <span class='ocrx_word' id='word_1_213' title='bbox 795 4026 830 4076; x_wconf 90' lang='lat' dir='ltr'>tu</span> <span class='ocrx_word' id='word_1_214' title='bbox 852 4011 894 4077; x_wconf 92' lang='lat' dir='ltr'>illi</span> <span class='ocrx_word' id='word_1_215' title='bbox 918 4011 1045 4098; x_wconf 89' lang='lat' dir='ltr'>objectes</span> <span class='ocrx_word' id='word_1_216' title='bbox 1069 4034 1147 4076; x_wconf 86' lang='lat' dir='ltr'>nurrc</span> <span class='ocrx_word' id='word_1_217' title='bbox 1170 4015 1201 4075; x_wconf 93' lang='lat' dir='ltr'>in</span> <span class='ocrx_word' id='word_1_218' title='bbox 1224 4009 1407 4099; x_wconf 83' lang='lat' dir='ltr'>aegritudine</span> 
     </span>
     <span class='ocr_line' id='line_1_31' title="bbox 429 4117 1496 4185; baseline 0 -4"><span class='ocrx_word' id='word_1_219' title='bbox 429 4130 458 4181; x_wconf 88' lang='lat' dir='ltr'>te</span> <span class='ocrx_word' id='word_1_220' title='bbox 481 4117 534 4182; x_wconf 90' lang='lat' dir='ltr'>has</span> <span class='ocrx_word' id='word_1_221' title='bbox 559 4122 670 4184; x_wconf 90' lang='lat' dir='ltr'>emisse.</span> <span class='ocrx_word' id='word_1_222' title='bbox 704 4143 766 4183; x_wconf 95' lang='lat' dir='ltr'>non</span> <span class='ocrx_word' id='word_1_223' title='bbox 788 4132 823 4185; x_wconf 91' lang='lat' dir='ltr'>tu</span> <span class='ocrx_word' id='word_1_224' title='bbox 842 4118 925 4184; x_wconf 77' lang='lat' dir='ltr'>uides</span> <span class='ocrx_word' id='word_1_225' title='bbox 949 4120 1028 4184; x_wconf 88' lang='lat' dir='ltr'>hunc</span> <span class='ocrx_word' id='word_1_226' title='bbox 1051 4119 1136 4184; x_wconf 91' lang='lat' dir='ltr'>voltu</span> <span class='ocrx_word' id='word_1_227' title='bbox 1158 4131 1194 4184; x_wconf 90' lang='lat' dir='ltr'>ut</span> <span class='ocrx_word' id='word_1_228' title='bbox 1216 4122 1294 4184; x_wconf 89' lang='lat' dir='ltr'>tristi</span> <span class='ocrx_word' id='word_1_229' title='bbox 1318 4132 1363 4184; x_wconf 89' lang='lat' dir='ltr'>est</span> <span class='ocrx_word' id='word_1_230' title='bbox 1384 4117 1496 4183; x_wconf 76' lang='lat' dir='ltr'>senex?</span> 
     </span>
    </p>
   </div>
   <div class='ocr_carea' id='block_1_14' title="bbox 273 4249 1544 4723">
    <p class='ocr_par' dir='ltr' id='par_1_15' title="bbox 273 4249 1544 4723">
     <span class='ocr_line' id='line_1_32' title="bbox 275 4249 1544 4345; baseline 0.002 -29"><span class='ocrx_word' id='word_1_231' title='bbox 275 4257 311 4316; x_wconf 90' lang='lat' dir='ltr'>at</span> <span class='ocrx_word' id='word_1_232' title='bbox 330 4258 466 4340; x_wconf 87' lang='lat' dir='ltr'>quaerat</span> <span class='ocrx_word' id='word_1_233' title='bbox 484 4251 659 4342; x_wconf 89' lang='lat' dir='ltr'>quispiam,</span> <span class='ocrx_word' id='word_1_234' title='bbox 686 4274 785 4345; x_wconf 90' lang='lat' dir='ltr'>quam</span> <span class='ocrx_word' id='word_1_235' title='bbox 811 4250 851 4322; x_wconf 93' lang='lat' dir='ltr'>oh</span> <span class='ocrx_word' id='word_1_236' title='bbox 877 4273 946 4320; x_wconf 89' lang='lat' dir='ltr'>rem</span> <span class='ocrx_word' id='word_1_237' title='bbox 963 4250 1113 4321; x_wconf 85' lang='lat' dir='ltr'>venditor</span> <span class='ocrx_word' id='word_1_238' title='bbox 1136 4250 1225 4321; x_wconf 88' lang='lat' dir='ltr'>abire</span> <span class='ocrx_word' id='word_1_239' title='bbox 1249 4249 1331 4321; x_wconf 89' lang='lat' dir='ltr'>noht</span> <span class='ocrx_word' id='word_1_240' title='bbox 1348 4273 1368 4320; x_wconf 89' lang='lat' dir='ltr'>a</span> <span class='ocrx_word' id='word_1_241' title='bbox 1386 4253 1544 4344; x_wconf 84' lang='lat' dir='ltr'>pactione,</span> 
     </span>
     <span class='ocr_line' id='line_1_33' title="bbox 277 4374 1544 4471; baseline 0.002 -28"><span class='ocrx_word' id='word_1_242' title='bbox 277 4374 370 4468; x_wconf 88' lang='lat' dir='ltr'>cnjus</span> <span class='ocrx_word' id='word_1_243' title='bbox 395 4376 504 4467; x_wconf 91' lang='lat' dir='ltr'>ipsum</span> <span class='ocrx_word' id='word_1_244' title='bbox 528 4377 653 4468; x_wconf 83' lang='lat' dir='ltr'>pigeat,</span> <span class='ocrx_word' id='word_1_245' title='bbox 678 4381 742 4448; x_wconf 91' lang='lat' dir='ltr'>nisi</span> <span class='ocrx_word' id='word_1_246' title='bbox 770 4380 953 4448; x_wconf 89' lang='lat' dir='ltr'>consentiat</span> <span class='ocrx_word' id='word_1_247' title='bbox 977 4400 1050 4447; x_wconf 89' lang='lat' dir='ltr'>cnm</span> <span class='ocrx_word' id='word_1_248' title='bbox 1078 4401 1114 4448; x_wconf 91' lang='lat' dir='ltr'>eo</span> <span class='ocrx_word' id='word_1_249' title='bbox 1142 4388 1267 4470; x_wconf 90' lang='lat' dir='ltr'>emptor</span> <span class='ocrx_word' id='word_1_250' title='bbox 1284 4378 1451 4471; x_wconf 84' lang='lat' dir='ltr'>negotium</span> <span class='ocrx_word' id='word_1_251' title='bbox 1470 4399 1544 4447; x_wconf 87' lang='lat' dir='ltr'>oon·</span> 
     </span>
     <span class='ocr_line' id='line_1_34' title="bbox 274 4500 1544 4595; baseline 0.004 -26"><span class='ocrx_word' id='word_1_252' title='bbox 274 4510 417 4572; x_wconf 89' lang='lat' dir='ltr'>tractum</span> <span class='ocrx_word' id='word_1_253' title='bbox 438 4500 612 4572; x_wconf 85' lang='lat' dir='ltr'>resolvere.</span> <span class='ocrx_word' id='word_1_254' title='bbox 649 4503 723 4595; x_wconf 92' lang='lat' dir='ltr'>qnid</span> <span class='ocrx_word' id='word_1_255' title='bbox 743 4527 835 4574; x_wconf 87' lang='lat' dir='ltr'>orare</span> <span class='ocrx_word' id='word_1_256' title='bbox 856 4502 989 4574; x_wconf 88' lang='lat' dir='ltr'>decebat</span> <span class='ocrx_word' id='word_1_257' title='bbox 1006 4503 1097 4573; x_wconf 91' lang='lat' dir='ltr'>illum</span> <span class='ocrx_word' id='word_1_258' title='bbox 1121 4514 1160 4574; x_wconf 95' lang='lat' dir='ltr'>ut</span> <span class='ocrx_word' id='word_1_259' title='bbox 1182 4502 1282 4574; x_wconf 87' lang='lat' dir='ltr'>aedes</span> <span class='ocrx_word' id='word_1_260' title='bbox 1304 4506 1544 4574; x_wconf 84' lang='lat' dir='ltr'>remitterentur</span> 
     </span>
     <span class='ocr_line' id='line_1_35' title="bbox 273 4617 1543 4723; baseline 0.002 -27"><span class='ocrx_word' id='word_1_261' title='bbox 273 4627 352 4713; x_wconf 89' lang='lat' dir='ltr'>sihi,</span> <span class='ocrx_word' id='word_1_262' title='bbox 379 4630 434 4721; x_wconf 92' lang='lat' dir='ltr'>qui</span> <span class='ocrx_word' id='word_1_263' title='bbox 457 4627 548 4699; x_wconf 92' lang='lat' dir='ltr'>nulla</span> <span class='ocrx_word' id='word_1_264' title='bbox 565 4631 692 4699; x_wconf 77' lang='lat' dir='ltr'>achone</span> <span class='ocrx_word' id='word_1_265' title='bbox 709 4629 752 4700; x_wconf 87' lang='lat' dir='ltr'>ad</span> <span class='ocrx_word' id='word_1_266' title='bbox 770 4629 944 4701; x_wconf 88' lang='lat' dir='ltr'>tradendas</span> <span class='ocrx_word' id='word_1_267' title='bbox 962 4641 1092 4723; x_wconf 87' lang='lat' dir='ltr'>poterat</span> <span class='ocrx_word' id='word_1_268' title='bbox 1110 4630 1205 4723; x_wconf 84' lang='lat' dir='ltr'>cogil</span> <span class='ocrx_word' id='word_1_269' title='bbox 1236 4617 1363 4702; x_wconf 80' lang='lat' dir='ltr'>actione</span> <span class='ocrx_word' id='word_1_270' title='bbox 1381 4651 1460 4716; x_wconf 81' lang='lat' dir='ltr'>sane</span> <span class='ocrx_word' id='word_1_271' title='bbox 1477 4651 1543 4700; x_wconf 92' lang='lat' dir='ltr'>non</span> 
     </span>
    </p>
   </div>
   <div class='ocr_carea' id='block_1_15' title="bbox 0 0 1848 5372">
    <p class='ocr_par' dir='ltr' id='par_1_16' title="bbox 0 0 1848 5372">
     <span class='ocr_line' id='line_1_36' title="bbox 0 0 1848 5372; baseline 0 2"><span class='ocrx_word' id='word_1_272' title='bbox 0 0 1848 5372; x_wconf 95' lang='lat' dir='ltr'> </span> 
     </span>
    </p>
   </div>
  </div>
 </body>
</html>
