3688 5372
826 247 1036 356 Ε...

379 439 430 505 39.
466 444 562 526 accipe
586 453 737 526 argentum
762 441 834 516 hoe,
860 437 983 502 danista.
1020 441 1067 503 hic
1090 454 1160 504 sunt
1183 439 1377 528 quadraginta
1397 445 1500 506 minae.

468 551 493 612 si
516 546 588 633 quid
611 550 667 610 erit
688 545 825 622 dubium,
850 544 1021 611 immutabo.
1046 584 1080 594 -
1106 545 1304 612 benefecisti.
1339 542 1502 613 benevale.
1524 587 1559 598 -—

467 676 546 718 nunc
569 657 645 717 enim
667 667 700 717 tu
722 669 786 717 mea
808 676 848 716 es.

315 777 432 845 1115.
469 783 531 866 ipse
553 781 626 843 mihi
647 778 811 855 mandavit,
838 778 874 842 ab
897 780 1001 844 lenone
1024 792 1059 843 ut
1081 778 1206 882 fidicina,

468 909 555 973 quam
578 886 708 962 amabat,
733 899 879 952 emeretur·
899 885 964 949 sihi.
1004 886 1035 950 id
1057 889 1084 949 ei
1106 890 1294 973 impetratum
1320 885 1444 952 reddidi.

378 1009 428 1076 89.
465 1035 519 1100 ego
543 1014 631 1075 miser
653 1015 724 1075 meis
747 1010 862 1098 perpuli
887 1011 962 1076 dolis
987 1033 1083 1075 senem

467 1121 500 1183 ut'
522 1133 651 1183 censeret
673 1141 757 1186 suam
780 1141 842 1182 sese
867 1141 959 1188 emere
982 1118 1080 1183 filiam.
1117 1122 1141 1182 is
1165 1142 1220 1182 suo
1245 1119 1306 1183 filio

464 1226 610 1291 fidicinam
634 1230 703 1290 emit
725 1249 812 1314 quam
836 1229 899 1314 ipse
923 1230 1045 1303 amavit,
1072 1249 1160 1314 quam
1184 1227 1284 1294 ahiens
1308 1226 1458 1292 mandavit
1480 1227 1560 1292 mihi.

337 1351 427 1418 217.
464 1351 516 1417 sed
539 1374 658 1438 operam
681 1350 796 1439 Epidici
819 1374 898 1418 nunc
919 1375 965 1415 me
989 1374 1081 1416 emere
1104 1356 1200 1438 pretio
1223 1356 1355 1439 pretioso
1377 1353 1473 1418 velim.

374 1477 426 1544 28.
462 1481 649 1564 impetratum
672 1490 730 1553 est,
756 1489 852 1564 empta
876 1478 979 1541 ancilla
1002 1490 1059 1553 111,
1085 1476 1168 1564 quod
1190 1491 1254 1541 tute
1277 1476 1315 1543 ad
1337 1499 1382 1542 me
1405 1478 1515 1542 litteras

463 1583 673 1649 missiculabas.

301 1708 426 1776 11294.
462 1725 496 1776 ut
518 1715 594 1776 enim
616 1714 778 1798 praestines
802 1724 940 1798 argento,
965 1713 1138 1798 priusquam
1163 1713 1261 1774 veniat
1282 1710 1370 1787 filius,

463 1832 550 1906 atque
572 1832 607 1884 ut
630 1841 692 1882 eam
714 1830 742 1881 te
766 1821 796 1882 in
819 1816 981 1883 libertatem
1006 1817 1084 1882 dieas
1108 1839 1201 1881 emere
1220 1867 1226 1880 .
1246 1867 1252 1880 .
1271 1867 1303 1880 ..

462 1925 515 1990 ubi
537 1929 593 1990 erit
615 1939 726 2013 empta,
751 1939 786 1990 ut
808 1926 907 2013 aliquo
932 1948 969 1990 ex
992 1923 1065 1989 urbe
1088 1947 1234 1989 amoveas.

306 2013 318 2041 ο
354 2047 425 2114 108.
461 2073 548 2138 quem
558 2051 707 2116 hominem
718 2055 899 2116 inveniemus
912 2050 950 2115 ad
960 2072 1022 2116 eam
1033 2074 1094 2116 rem
1108 2051 1229 2115 utilem?
1245 2089 1279 2098 -
1295 2051 1343 2115 hic
1353 2054 1409 2116 erit
1420 2054 1557 2138 optimus,

463 2159 510 2222 hic
531 2162 642 2246 poterit
664 2181 765 2222 cavere
788 2172 879 2234 recto,
899 2160 970 2245 jura
994 2161 1045 2246 qui
1069 2171 1097 2223 et
1119 2161 1196 2246 leges
1219 2171 1307 2222 tenet.

353 2280 429 2348 112-
462 2287 565 2370 quanti
589 2288 644 2348 emi
666 2296 766 2370 potest
789 2284 933 2347 minimo?
960 2321 995 2331 -
1022 2284 1130 2348 illane?

462 2391 500 2454 ad
523 2391 717 2480 quadraginta
739 2390 865 2482 fortasse
889 2414 952 2456 eam
973 2415 1063 2478 posse
1086 2395 1141 2456 emi
1164 2395 1295 2456 minmno
1318 2394 1413 2458 minis.

463 2521 564 2564 verum
588 2503 612 2564 si
634 2498 702 2586 plus
728 2498 856 2575 dederis,
882 2499 1013 2563 reseram.
1053 2500 1187 2564 nullain
1210 2521 1297 2564 1111
1321 2502 1416 2588 captio
1441 2512 1494 2564 est.

287 2640 354 2705 1112
371 2637 423 2707 21.
459 2663 532 2729 euge
556 2663 638 2729 euge.
668 2679 703 2690 -
735 2664 769 2705 ea
792 2643 855 2728 jam
885 2641 966 2705 domi
995 2655 1040 2707 111
1065 2665 1121 2729 pro
1145 2644 1203 2707 illa.
1232 2681 1267 2692 -
1294 2655 1390 2707 teneo.
1419 2681 1453 2691 -
1480 2665 1559 2708 nunc

1250 2763 1399 2816 auctorem

461 2856 541 2921 dedit
563 2857 635 2921 mihi
658 2858 696 2921 ad
718 2857 793 2921 hanc
815 2880 877 2936 rem
895 2854 1075 2942 Apoecidem
1110 2860 1134 2920 is
1158 2858 1239 2944 apud
1261 2858 1359 2925 sorum
1381 2871 1479 2921 manet
1500 2880 1555 2933 me,

461 2969 545 3052 quasi
566 2969 617 3052 qui
637 2978 751 3030 emeret.
775 3004 810 3016 -
832 2978 915 3030 cavet
935 2962 1017 3028 haud
1039 2963 1121 3027 male.
1145 2965 1206 3051 jam
1228 2970 1292 3053 ipse
1310 2978 1413 3030 cautor
1428 2978 1555 3053 captust.

370 3089 422 3157 35.
876 3090 938 3175 jam
961 3112 1016 3176 ego
1039 3089 1152 3176 parabo
1472 3074 1474 3083 ’

460 3199 587 3286 aliquam
610 3197 744 3264 dolosam
767 3198 927 3275 fidicinam,
952 3221 1072 3264 nummo
1097 3198 1242 3264 conducta
1265 3219 1340 3287 quae
1363 3203 1410 3277 sit,

460 3328 534 3393 quae
558 3329 589 3372 se
612 3319 738 3393 emptam
761 3306 886 3372 simulet.

256 3447 258 3450 ’
331 3429 421 3498 325.
458 3430 561 3518 edepol
585 3423 638 3496 nae
661 3435 755 3496 istanc
777 3435 903 3519 tempori
926 3431 1017 3518 gnato
1041 3444 1094 3495 tuo

459 3562 560 3604 sumus
587 3543 785 3626 praemoneati.

369 3663 421 3730 30.
456 3688 517 3729 non
540 3678 638 3729 carust
661 3687 734 3729 auro
759 3678 869 3729 contra.
898 3703 933 3711 -
960 3676 994 3727 ut
1016 3665 1062 3727 ille
1085 3663 1254 3730 fidicinam

457 3772 525 3837 fecit
546 3776 656 3836 nescire
679 3795 803 3860 prorsus
827 3794 858 3836 sc
881 3795 944 3837 esse
967 3785 1092 3858 emptam
1119 3771 1182 3835 tibi.

329 3916 419 3983 452.
456 3917 591 4004 equidem
614 3917 709 3980 hercle
732 3928 886 4005 argentum
907 3939 963 4002 pro
987 3902 1043 3979 hac
1066 3914 1151 4043 dedii

369 4041 420 4107 55.
456 4045 519 4129 ipsc
542 4043 617 4106 hanc
639 4047 670 4106 in
694 4065 728 4106 eo
750 4042 875 4115 ¹articulo
901 4043 970 4105 emit
992 4040 1147 4106 fidicinam.

369 4165 420 4233 63.
455 4179 599 4231 mercatus
622 4181 651 4248 te
673 4168 762 4233 hodie
786 4180 830 4232 est
854 4165 889 4231 de
912 4168 1016 4232 lenone
1039 4167 1227 4255 Apoecides?

458 4274 609 4339 ehodum?
635 4314 670 4324 -
704 4299 758 4364 ego
782 4278 879 4340 istunc
908 4274 1056 4339 hominem
1083 4281 1234 4363 uunquam
1257 4276 1357 4342 audivi
1381 4294 1447 4345 antc
1472 4280 1551 4345 hune

1307 4385 1390 4464 diem,

457 4513 550 4579 neque
573 4514 618 4556 me
642 4491 760 4578 quidem
783 4513 875 4555 emere
899 4495 1055 4578 quisquam
1079 4492 1138 4556 ulla
1161 4495 1284 4578 pecunia

456 4601 571 4686 potuit;
594 4599 662 4685 plus
681 4600 742 4685 jam
766 4623 829 4664 sum
853 4599 946 4666 lihera
968 4603 1210 4687 quinquennium.
