3688 5372
889 289 1006 383 19,

211 583 215 592 α
280 505 399 578 sequar
415 485 524 570 locos;
544 507 682 580 quorum
699 508 751 557 me
770 485 910 572 nullum,
930 491 985 579 qui
1003 487 1050 557 adw
1061 499 1214 558 naturam
1224 511 1270 557 ex
1285 499 1391 580 empto
1405 490 1542 558 actionis

279 612 538 705 cognoscendam
562 612 660 682 ullius
680 616 833 681 momenti
852 616 960 704 putari
979 616 1101 705 possit,
1130 613 1369 706 subterfugisse
1388 613 1541 706 spondeo,

180 718 183 726 ’
278 753 403 822 omncs
419 717 649 831 omnino'quos
669 741 741 832 quis
765 737 849 808 forte
868 738 909 808 ad
929 742 1121 832 emptionem
1138 739 1250 810 referri
1269 722 1368 832 posse
1392 741 1543 834 conjiciat

276 886 328 934 mc
345 864 572 956 ‘composuisse
590 887 656 936 non
675 861 827 959 spondeo.
865 869 979 935 etenim
999 864 1098 960 hujus
1118 868 1164 936 rei
1182 868 1242 936 vix
1261 877 1367 938 certos
1389 869 1543 938 constitui
1622 938 1626 944 ,

276 1012 375 1082 posse
400 989 479 1061 fines
506 1000 612 1085 patet,
639 1016 712 1062 cum
738 983 946 1084 quaecunque
972 993 1119 1086 cujusvis
1141 990 1343 1063 alienationis
1361 987 1481 1062 mentio
1501 992 1542 1061 ad
1611 1051 1613 1058 .

278 1118 468 1217 emptionem
485 1116 701 1187 venditionem
719 1115 885 1188 referenda
904 1140 976 1188 esse
994 1117 1096 1188 videri
1116 1129 1221 1210 queat.

365 1253 497 1313 secutus
509 1229 592 1313 ¹sum
604 1246 637 1313 in
653 1243 733 1314 locis
750 1241 885 1312 citandis
901 1242 1036 1311 alteram
1052 1242 1157 1314 Caroli
1171 1241 1281 1313 Weise
1294 1243 1402 1314 Plauti
1416 1265 1542 1315 comoe-

280 1365 405 1439 diarum
419 1368 611 1468 editionem,
630 1391 694 1438 non
714 1369 790 1461 quin
809 1370 924 1439 scirem
942 1368 1114 1439 nonnullas
1130 1368 1315 1441 fabularum
1333 1371 1386 1441 vel
1404 1393 1424 1440 a
1439 1366 1542 1440 Godo-

276 1493 365 1564 lredo
380 1494 562 1566 Hermanno
581 1495 633 1565 vel
652 1494 859 1564 aRitschelio
879 1494 1002 1588 majore
1017 1494 1179 1588 diligentia
1192 1507 1288 1589 atque
1304 1497 1463 1589 sapientia
1480 1496 1542 1567 edi-

274 1631 327 1690 tas
343 1643 430 1704 esse;
450 1619 507 1689 sed
520 1643 578 1713 per
589 1631 694 1690 totam
706 1618 891 1689 fabularum
904 1623 1020 1690 scriem
1033 1621 1164 1690 candem
1176 1625 1268 1715 sequi
1282 1623 1449 1692 editionem
1463 1622 1540 1692 utile

275 1744 353 1815 mihi
365 1748 475 1816 visum
494 1757 554 1831 est,
573 1768 676 1839 neque
695 1745 832 1816 solidam
845 1749 923 1816 novi
934 1746 1030 1816 modo
1045 1746 1131 1816 dicta
1145 1751 1363 1817 recentiorem.
1393 1747 1539 1841 singulos

274 1870 364 1941 locos
386 1870 563 1941 secundum
582 1871 820 1943 comoediarum
840 1872 982 1942 ordinem
1002 1895 1096 1965 quem
1114 1873 1226 1942 Weise
1244 1873 1363 1966 probat
1382 1874 1538 1966 disposui,

276 2018 317 2066 cx
335 1997 446 2067 'eadem
460 1998 625 2068 comoedia
639 2001 694 2091 qui
711 1996 795 2068 idem
813 1999 979 2091 negotium
999 2010 1160 2091 spectent,
1180 2000 1373 2094 conjungere
1395 1998 1514 2070 studui.

763 2141 1036 2252 Amphitruo.

274 2266 353 2358 prol.
372 2289 404 2336 v.
427 2265 457 2336 1.
484 2265 664 2373 Mercurius
684 2267 842 2358 loquitur:
896 2313 905 2328 .

444 2416 479 2468 ut
501 2426 554 2468 vos
577 2407 606 2468 in
632 2407 740 2468 vostris
763 2404 851 2467 voltis
878 2407 1073 2469 mercimoniis

342 2517 348 2533 “
444 2510 576 2574 emundis
599 2510 822 2599 vendundisque
845 2534 891 2574 me
914 2513 1021 2576 lactum
1045 2513 1133 2575 lucris
1207 2531 1211 2542 ¹

444 2604 565 2681 adficere
588 2631 676 2705 atque
700 2619 839 2705 adjuvare
862 2623 893 2682 in
915 2618 1004 2683 rebus
1028 2618 1174 2682 omnibus.
1286 2639 1289 2645 ·

271 2738 408 2807 11246.
441 2755 516 2807 ccrtc
540 2742 644 2831 edepol
666 2758 701 2809 tu
722 2767 767 2808 mc
791 2742 929 2808 alienabis
953 2765 1103 2830 nunquam
1128 2745 1199 2828 quin
1221 2753 1322 2806 noster
1345 2745 1425 2807 siem.

798 2895 1001 2964 Asinaria.

285 3026 402 3095 1158.
441 3028 587 3094 beneficiis
610 3052 655 3095 me
679 3053 772 3096 emere
795 3030 916 3120 gnatum
940 3051 1035 3094 suum.

349 3153 401 3219 73.
440 3168 592 3242 argentum
617 3161 727 3244 accepi,
753 3156 821 3221 dote
844 3159 999 3243 imperium
1020 3154 1148 3219 vendidi.

350 3277 401 3345 92.
441 3293 475 3343 tu
497 3280 620 3346 redimes
643 3303 703 3360 me,
729 3285 753 3345 si
776 3304 821 3345 me
845 3282 946 3345 hostes
970 3280 1208 3367 interceperinti'*

311 3403 331 3469 3
372 3403 399 3469 1.
438 3405 672 3494 unumquodque
695 3411 820 3471 istorum
843 3405 966 3470 vcrbum
989 3409 1115 3469 nummis
1139 3403 1301 3492 Philippeis
1325 3409 1420 3470 aurcis

442 3536 503 3578 non
525 3526 624 3600 potest
647 3512 759 3578 auferre
782 3515 850 3578 hinc
873 3536 890 3576 a
912 3537 971 3590 me,
998 3516 1022 3576 si
1046 3516 1111 3600 quis
1136 3524 1250 3599 emptor
1272 3516 1408 3602 venerit.)

350 3637 399 3705 19.
439 3638 505 3702 dedi
529 3638 663 3726 equidem
686 3638 768 3726 quod
791 3661 901 3702 mecum
925 3642 1019 3726 egisti.
1043 3677 1078 3686 -
1101 3651 1130 3701 ct
1146 3636 1200 3702 tihi
1219 3637 1357 3725 ego'misi
1374 3637 1533 3704 mulierem.

348 3732 350 3735 ’
440 3769 494 3833 par
515 3751 580 3832 pari
604 3746 704 3811 datum
727 3747 937 3811 hostimentum
960 3760 1018 3822 est,
1044 3768 1134 3833 opera
1156 3769 1211 3832 pro
1235 3750 1367 3833 pecunia.

267 3869 398 3937 11267.
440 3875 633 3938 meministine
656 3877 754 3937 asinos
777 3865 937 3938 Arcadicos
960 3873 1115 3938 mercatori
1136 3870 1251 3936 Pellaeo

292 3983 293 3988 ’
439 3993 574 4046 nostrum
597 3981 721 4046 vendere
745 3983 898 4044 atriensem
915 4030 921 4043 .
1041 4025 1043 4030 -
1139 3973 1140 3977 ¹

438 4088 506 4152 hem
530 4112 599 4177 crgo
624 4092 648 4152 is
673 4102 824 4176 argentum
848 4087 906 4151 huc
928 4091 1053 4163 remisit,
1079 4086 1162 4174 quod
1185 4087 1304 4152 daretur
1327 4085 1454 4153 Saureae

347 4203 353 4217 ⁶
439 4218 493 4282 pro
518 4200 617 4260 asinis.
653 4197 822 4261 adulescens
846 4199 927 4259 venit
948 4195 1038 4257 modo
1063 4197 1114 4281 qui
1137 4195 1168 4258 id
1190 4208 1343 4283 argentum
1366 4197 1472 4262 attulit.

311 4317 398 4412 316.
438 4325 550 4408 argenti
573 4325 678 4408 viginti
700 4326 808 4400 minas,
834 4325 859 4384 si
882 4319 1009 4397 adesset,
1037 4323 1203 4406 accepisset.

443 4467 477 4476 -
505 4432 556 4516 qui
579 4451 634 4515 pro
658 4430 756 4493 istuc?
783 4466 817 4476 -
845 4431 944 4492 asinos
968 4426 1101 4491 vendidit
1122 4426 1237 4492 Pellaeo
1260 4433 1414 4493 mercatori

439 4549 576 4600 mercatu.
606 4575 641 4584 -
668 4541 738 4602 scio.
775 4549 808 4602 tu
830 4536 862 4601 id
884 4557 962 4600 nunc
985 4534 1096 4600 refers?
1125 4537 1186 4621 jam
1209 4535 1257 4598 hic
1280 4535 1366 4600 credo
1391 4557 1456 4598 cum
1480 4534 1532 4598 ad·

1228 4643 1369 4708 futurum.

1267 4754 1300 4808 2·
1361 4776 1375 4825 r
