3688 5372
901 243 949 319 29

359 434 429 502 100.
465 457 571 514 emam,
597 438 712 523 opinor.
737 475 771 487 -
799 442 884 502 etiam
908 438 1076 527 »opinorsi
1102 471 1137 486 *-
1164 457 1277 504 summo
1301 457 1405 526 genere
1422 459 1484 504 esse
1507 461 1553 502 ar·

1232 545 1336 612 bitror.
1357 585 1392 596 -

359 734 361 740 Ι
470 691 505 702 -
524 653 640 717 divitias
655 666 689 718 tn
702 675 743 739 'ex
756 655 850 718 isthac
867 653 963 718 iacies.
981 691 1016 702 -
1037 657 1078 718 ita
1093 655 1123 718 di
1138 654 1240 720 faxint.
1263 693 1298 704 —
1320 637 1380 720 eme
1397 652 1497 717 modo.
1516 646 1550 700 -'-

356 775 427 842 109.
464 778 631 844 adulescens
648 780 705 843 vin'
722 779 847 844 vendere
862 779 976 844 istanc?
1000 817 1034 827 -
1060 784 1152 868 magis
1168 779 1250 845 lubet
1265 801 1352 868 qnam
1367 778 1497 867 perdere.
1514 796 1549 856 ἑ·-

469 925 503 934 -
530 900 593 951 tum
615 900 649 951 tu
671 910 765 974 pauca
787 891 818 952 in
840 887 929 954 verba
952 887 1059 952 censer.
1084 892 1136 974 qui
1159 888 1246 954 datur
1268 891 1342 953 tanti
1365 887 1470 978 indica.

316 1061 318 1066 ,
414 1033 415 1038 1
470 1033 504 1042 -—
531 994 634 1059 faciam
658 999 698 1058 ita
721 1009 755 1060 ut
776 1009 805 1060 te
829 995 900 1060 velle
924 995 1020 1060 video.
1059 996 1134 1060 habe
1157 996 1211 1060 tibi
1234 1011 1348 1062 eentum
1370 999 1466 1060 minis.
1486 1031 1520 1085 7-

403 1123 404 1129 ’
470 1140 504 1152 -
530 1107 652 1168 nimium
669 1118 721 1169 est.
743 1141 777 1152 -
798 1107 956 1192 octoginta.
978 1142 1012 1153 -
1031 1108 1152 1170 nimium
1170 1119 1222 1170 est.
1245 1143 1279 1154 —
1301 1127 1437 1168 nummus
1453 1102 1554 1168 abesse

1123 1213 1192 1276 hinc
1214 1235 1276 1276 non
1298 1225 1397 1300 potest

467 1319 548 1404 qnod
569 1342 648 1383 nunc
666 1319 767 1385 dicam.
791 1359 825 1368 -
853 1321 924 1408 quid
941 1321 972 1385 id
990 1334 1034 1386 est
1050 1307 1143 1408 ergo?
1166 1321 1301 1408 eloquere
1322 1333 1452 1400 actutum
1467 1332 1554 1406 atque

1289 1427 1394 1492 indica.

472 1571 504 1582 ·-
531 1548 584 1599 tno
607 1537 738 1623 periculo
762 1540 915 1625 sexaginta
937 1537 1008 1600 haec
1031 1534 1118 1600 datur
1140 1539 1252 1624 argenti
1275 1538 1370 1599 minis.
1392 1574 1426 1583 —

470 1680 504 1689 —
533 1643 653 1720 Toxilo,
680 1643 752 1731 quid
775 1644 854 1732 ago?
881 1683 915 1692 —
950 1643 979 1707 di
1003 1643 1131 1732 deaeque
1153 1647 1190 1707 tc'
1205 1646 1317 1730 agitant
1339 1647 1419 1723 irati,
1450 1645 1552 1720 scelus,

465 1753 516 1836 qui
538 1750 613 1815 hanc
635 1774 696 1815 non
717 1773 858 1839 properes
883 1752 1036 1816 destinare.

356 1862 443 1937 118.'
465 1896 525 1939 non
548 1875 651 1962 edepol
673 1879 759 1941 minis
782 1883 918 1943 trecentis
942 1900 1007 1942 cara
1031 1890 1083 1942 est.
1118 1876 1210 1941 fecisti
1233 1877 1315 1963 lueri.
1368 1865 1370 1870 ¹
1500 1947 1502 1951 ,

426 1993 429 1998 ’
469 2021 503 2030 -
529 1985 602 2047 heus
625 1997 672 2061 tu,
702 1988 788 2048 etiam
809 2008 864 2072 pro
888 1989 1068 2051 vestimentis
1091 1986 1149 2049 ime
1172 1984 1269 2049 decern
1291 1983 1429 2049 accedant
1449 1988 1552 2050 minae.

470 2127 504 2138 —-
531 2089 687 2157 abscedent
715 2095 806 2170 enim,
835 2116 897 2158 non
920 2093 1064 2160 accedent.
1093 2131 1127 2142 -
1153 2105 1216 2157 tace
1240 2095 1296 2170 sis;
1325 2115 1386 2160 non
1414 2105 1448 2156 tu
1473 2092 1554 2156 illum

1314 2199 1395 2266 vides
1549 2186 1551 2190 ¹

465 2310 603 2377 quaerere
627 2313 726 2356 ansam
749 2290 887 2356 iniectum
910 2305 945 2356 nt
967 2289 1075 2356 faciat?

358 2413 377 2480 6
402 2415 429 2480 1.
464 2415 583 2502 probati
606 2409 718 2504 argenti
739 2417 788 2492 hic
810 2431 881 2481 sunt
903 2422 1055 2505 sexaginta
1077 2421 1170 2481 minae
1220 2496 1224 2506 Ι

464 2522 581 2587 duobus
604 2527 729 2588 nummis
753 2527 849 2587 minus
878 2563 912 2571 -
939 2523 1011 2612 quid
1033 2529 1059 2589 ei
1081 2528 1192 2590 nummi
1215 2519 1332 2588 sciunt?
1357 2560 1392 2572 -

464 2654 629 2695 crumenam
651 2632 727 2694 hanc
749 2654 857 2709 emere,
882 2644 934 2695 aut
956 2631 1048 2697 lacere
1071 2646 1106 2697 ut
1128 2636 1265 2719 remigret
1284 2615 1413 2696 domum.

356 2754 428 2837 73
462 2781 530 2822 nam
552 2781 614 2822 non
636 2761 730 2822 emisti
752 2757 841 2834 hanc,
867 2779 968 2821 verum
985 2756 1079 2822 iecisti
1101 2759 1183 2822 lucri.

468 2905 502 2914 -
529 2867 575 2930 ille
599 2867 715 2954 quidem
733 2867 795 2951 jam
819 2865 968 2953 seit-qnid
990 2869 1090 2954 negoti
1110 2870 1241 2954 gesserit,

464 2977 515 3064 qui
537 2974 609 3038 1nihi
631 2973 769 3038 furtivam
788 2979 856 3038 meo
879 2974 988 3060 periclo
1012 2973 1151 3052 vendidit,
1261 3008 1264 3012 ·

464 3094 615 3170 argentum
639 3085 763 3168 accepit,
789 3081 868 3152 abiit.
904 3085 954 3168 qni
978 3097 1032 3169 eg'o
1055 3105 1133 3146 nunc
1156 3085 1216 3146 scio

463 3191 579 3275 anjam
603 3190 755 3254 adseratur
778 3190 849 3255 haec
871 3171 981 3254 manui
1011 3211 1070 3277 quo
1094 3191 1175 3255 illum
1198 3187 1326 3278 sequar?

336 3313 424 3398 910.
459 3293 556 3380 nonne
580 3315 757 3380 antestarisi
785 3353 820 3362 -
846 3327 935 3379 tuane
959 3338 1013 3404 ego
1038 3339 1140 3394 causa,
1165 3314 1313 3394 carnusex,

464 3427 625 3511 quoiquam
646 3424 763 3487 mortali
786 3423 877 3489 libero
902 3445 987 3487 aures
1010 3436 1139 3501 atteram

416 3579 419 3586 ,
464 3537 515 3621 qui
537 3535 585 3597 hic
607 3534 808 3596 commercaris
833 3535 909 3596 cives
933 3532 1065 3596 homines
1089 3530 1220 3596 liberos?

291 3656 425 3725 Vtut.
459 3659 569 3724 hiccine
592 3658 740 3724 Dordalus
764 3671 808 3721 est
830 3658 911 3734 leno,
936 3661 986 3744 qui
1009 3659 1057 3722 hic
1078 3657 1183 3722 liberas
1207 3656 1373 3723 mereatur?

312 3784 424 3852 1138.
458 3799 492 3850 ut
514 3785 586 3849 mihi
609 3783 659 3847 des
682 3805 818 3847 nummos
842 3796 1010 3860 sexcentos,
1033 3805 1111 3871 ‚quos
1134 3806 1189 3870 pro
1209 3787 1302 3871 capite
1319 3784 1396 3850 illius
1417 3783 1551 3870 pendam.

301 3911 356 3975 115
370 3909 420 3977 26.
458 3924 486 3976 et
507 3911 611 3976 mulier
633 3923 668 3974 ut
690 3913 728 3973 sit
750 3907 852 3986 libera,
877 3922 964 3996 atque
987 3914 1049 3997 ipse
1072 3910 1150 3973 ultro
1175 3908 1224 3976 det
1245 3922 1406 3999 argentum.
1556 3912 1558 3917 ’

291 4034 358 4100 1113
372 4036 423 4101 21.
462 4038 527 4101 leno
545 4035 579 4102 'te
602 4045 755 4124 argentum
777 4037 874 4123 poscit
896 4036 991 4100 solida
1014 4039 1139 4102 servitus

463 4167 518 4231 pro
542 4144 692 4209 liberanda
715 4146 814 4207 amica.

375 4266 426 4335 33.
463 4293 531 4357 cape
552 4272 609 4335 hoe
627 4275 676 4335 sis.
699 4309 734 4320 —-
756 4273 828 4358 quin
851 4269 924 4334 das?
949 4307 984 4318 -
1010 4275 1121 4336 nummi
1138 4271 1268 4336 sexcenti
1289 4270 1336 4334 hic
1357 4283 1452 4336 erunt.
1470 4306 1504 4316 —

361 4397 363 4404 ’
463 4378 551 4466 probi
573 4384 729 4444 numerati:
753 4378 798 4443 sao
821 4382 860 4442 sit
881 4378 984 4443 mulier
1006 4378 1105 4456 libera,

322 4526 325 4532 »
425 4527 435 4532 ,.
464 4496 552 4574 atque
574 4486 633 4550 huc
656 4491 797 4552 continno
819 4486 939 4551 adduce.

291 4607 375 4678 11113
398 4610 427 4677 3.
450 4593 504 4676 'ita
527 4611 629 4676 ancilla
652 4635 715 4677 mea
738 4635 812 4699 quae
835 4612 892 4678 fuit
914 4613 1016 4691 hodie,
1042 4637 1095 4678 sua
1117 4635 1195 4680 nune
1218 4626 1277 4690 est,
1302 4623 1423 4699 argento
1446 4613 1524 4674 vicit.
