3688 5372
897 255 962 376 21*

376 447 425 514 18.
462 450 549 515 domo
574 471 660 537 quern
683 448 855 536 profugiens
879 447 1029 513 domiuum
1053 447 1227 526 abstulerat,
1252 449 1392 517 vendidit.

461 557 509 621 bic
532 569 690 644 postquam
713 555 792 620 hunc
815 559 897 632 emit,
924 554 1004 620 dedit
1026 577 1092 620 curu
1114 557 1184 621 huic
1206 569 1296 644 gnato
1320 581 1385 624 suo.

289 682 425 751 11219.
462 685 531 770 quia
553 695 582 746 et
604 681 666 770 fugi
689 695 718 746 et
739 680 793 746 tibi
817 680 953 769 subripui
974 654 1071 744 filium
1090 694 1119 747 et
1141 704 1206 747 eum
1229 682 1356 751 vendidi.

335 809 354 874 3
397 807 425 874 1.
827 807 875 870 hic
895 819 1016 895 gnatum
1037 829 1132 872 meum

394 955 395 958 =
461 929 519 992 tuo
537 919 615 1002 patri
637 919 678 981 ait
699 938 730 998 se
754 914 920 980 vendidisse
944 937 996 979 sex
1018 917 1104 978 minis
1127 917 1158 980 in
1180 914 1275 980 Alide.

374 1039 423 1106 10.
460 1040 506 1105 dic
527 1041 613 1117 mihi,
637 1044 700 1104 isne
723 1043 788 1104 istic
811 1039 867 1104 fuit
891 1062 1006 1127 quem
1000 1040 1158 1106 vendidisti
1181 1063 1245 1107 meo
1269 1042 1444 1128 patrii·-¹
1534 1071 1536 1075 ·

278 1173 281 1178 ⁴
335 1163 424 1234 414.
458 1179 542 1253 pater
564 1165 612 1230 hic
635 1178 692 1242 est,
723 1166 770 1229 hic
794 1188 895 1230 servos
918 1168 970 1252 qui
992 1178 1021 1229 te
1047 1165 1116 1228 huic
1139 1167 1207 1231 hinc
1229 1167 1413 1255 quadrimum
1436 1125 1554 1256 sorbuit

461 1272 651 1359 vendiditque
674 1295 738 1337 meo
762 1275 839 1359 patri
861 1285 890 1336 te
913 1295 966 1336 sex
993 1276 1088 1336 minis

290 1402 364 1489 prol.
382 1399 433 1465 27.
463 1402 559 1486 coepit
582 1401 714 1486 captivos
738 1401 923 1464 commercari
946 1398 994 1462 hic
1017 1398 1099 1463 alios.
1127 1479 1129 1485 Ι

372 1524 424 1591 34.
460 1528 529 1591 emit
550 1525 639 1590 hosce
663 1524 698 1588 de
720 1522 829 1611 praeda
843 1522 938 1587 'ambo
964 1523 999 1587 de
1024 1519 1239 1611 quaestoribus.

311 1651 427 1717 1132.
462 1650 750 1738 hominescaptivos
774 1662 997 1724 commereatur,
1023 1652 1048 1712 si
1072 1662 1160 1737 queat
1257 1695 1259 1698 ψ
1355 1695 1356 1698 ,
1432 1640 1497 1702 ’ῗῙὶ
1537 1697 1541 1701 -

463 1759 588 1846 aliquem
610 1761 741 1821 invenire
763 1780 845 1821 suam
869 1760 920 1844 qui
942 1769 1036 1821 mutet
1056 1757 1157 1822 filium.

341 1881 429 1950 21.
561 1937 563 1942 .
661 1906 667 1943 ς
832 1885 906 1946 istos
931 1885 1063 1968 captivos
1088 1881 1172 1958 duos,

463 1992 525 2056 heri
548 2013 625 2078 quos
648 1994 703 2053 erni
724 1989 759 2053 de
782 1988 891 2077 praeda
914 2012 931 2052 a
951 1989 1167 2083 quaestoribus.

301 2116 427 2184 11393.
464 2140 528 2181 curn
552 2117 617 2181 illos
641 2119 696 2179 emi
720 2115 754 2180 de
777 2114 926 2202 praedae
949 2115 1163 2202 quaestoribus.

289 2244 360 2310 1112
400 2242 428 2309 1.
464 2241 536 2330 quid
559 2229 745 2305 estsuavius
769 2264 857 2329 quam
880 2241 954 2306 beue
977 2263 1037 2305 rem
1059 2262 1158 2328 gerere
1181 2242 1299 2329 publico
1573 2231 1575 2235 ⁸
1635 2225 1638 2234 ⁸

461 2349 557 2427 bono,
583 2337 736 2436 sieutego
761 2348 814 2413 feci
837 2349 909 2426 heri,
987 2404 990 2410 .
1373 2341 1377 2347 ’

463 2479 528 2521 curu
551 2461 606 2521 emi
629 2458 718 2521 hosce
740 2457 897 2521 homiues?

300 2586 360 2650 112
398 2583 428 2649 8.
464 2605 540 2670 quos
563 2595 622 2647 tam
645 2581 796 2670 grandi
773 2605 827 2646 suu
850 2594 994 2646 mercatus
1017 2586 1164 2669 praesenti
1185 2587 1318 2670 pecunia.

374 2707 425 2775 24.
450 2730 534 2824 cuge
556 2709 608 2795 pol
631 2708 766 2774 Thalem
777 2708 886 2772 talento
911 2730 972 2772 non
995 2730 1086 2772 emam
1108 2708 1264 2773 Milesium.

372 2843 424 2910 80.
439 2817 536 2908 lilius
559 2865 641 2908 meus
664 2822 722 2906 illic
745 2823 825 2930 apud
848 2865 902 2906 vos
926 2847 1016 2908 servit
1043 2856 1145 2930 captus
1168 2843 1263 2909 Alide

463 2976 529 3017 eum
551 2955 576 3015 si
598 2950 696 3015 reddis
719 2951 806 3028 mihi,
819 2964 1009 3037 praeterea
1002 2964 1095 3017 uuum
1118 2974 1239 3017 nuruum
1263 2975 1299 3017 ne
1324 2953 1405 3020 duis.

463 3073 492 3126 et
513 3074 542 3124 te
565 3073 593 3124 et
615 3058 694 3144 huuc
717 3062 845 3150 amittam
869 3059 946 3123 hinc.
985 3047 987 3052 ⁵

373 3188 424 3254 87.
460 3187 506 3252 lac
527 3169 555 3250 is.
576 3186 666 3249 homo
689 3197 724 3249 ut
745 3175 914 3250 redimatur.

374 3312 425 3379 91.
460 3325 494 3377 ut
516 3316 540 3376 is
564 3312 654 3375 homo
677 3309 838 3374 redimatur
859 3309 911 3374 illi.

338 3437 423 3525 llll.
795 3509 797 3512 ,
857 3439 984 3524 gpigeat
1000 3449 1104 3524 postea
1176 3503 1180 3513 ,

461 3559 595 3611 nostrum
618 3545 733 3624 herum,
759 3547 785 3608 si
808 3547 916 3608 eximat
939 3557 991 3608 aut
1013 3545 1128 3609 solutos
1152 3548 1229 3610 sinat

458 3666 684 3742 mos-argento
709 3654 817 3717 emerit.

239 3757 242 3763 ’
318 3807 327 3844 ·,
335 3785 359 3848 2
372 3782 428 3850 90:
458 3803 559 3846 verum
583 3800 692 3867 quaeso
716 3791 751 3842 ut
773 3791 967 3843 aestumatum
989 3778 1069 3843 hunc
1090 3781 1162 3844 mihi
1186 3781 1250 3859 des,
1276 3805 1363 3869 quem
1385 3785 1496 3847 mittam
1518 3782 1555 3845 ad

1274 3904 1395 3976 patrem.

354 4023 425 4091 103.
461 4047 531 4089 num
555 4044 629 4110 quae
652 4043 740 4085 causa
760 4035 804 4086 est
821 4001 907 4108 quin,
933 4025 958 4086 si
977 4023 1023 4086 ille
1041 4022 1100 4088 huc
1116 4046 1177 4089 non
1191 4025 1304 4101 redeat,
1330 4027 1435 4112 viginti
1451 4027 1552 4100 minas,

464 4132 535 4198 mihi
557 4130 688 4226 despro
712 4128 801 4194 illoc?

336 4245 430 4331 334.
461 4288 529 4330 uam
552 4287 606 4352 ego
629 4276 658 4328 to
682 4276 875 4328 aestumatum
898 4263 967 4328 huic
991 4265 1056 4329 dedi
1078 4269 1183 4354 viginti
1205 4269 1300 4331 minis.
1356 4276 1358 4279 '

292 4396 306 4434 ·’
342 4394 346 4432 ³
378 4399 427 4466 19.
462 4411 497 4464 ut
519 4413 548 4465 te
572 4413 764 4464 aestumatum
787 4403 817 4463 in
841 4398 956 4464 Alidem
977 4403 1099 4463 mittam·
1113 4400 1151 4465 ad
1166 4415 1292 4488 patrem.

465 4512 490 4572 si
512 4531 574 4572 non
595 4506 703 4571 rebitas
728 4509 799 4584 huc,
824 4521 858 4571 ut
874 4510 984 4595 ¹viginti
1007 4511 1099 4575 minas

466 4615 530 4689 dem
552 4637 608 4702 pro
631 4627 668 4680 te.
