<?xml version="1.0" encoding="UTF-8"?>
<!DOCTYPE html PUBLIC "-//W3C//DTD XHTML 1.0 Transitional//EN"
    "http://www.w3.org/TR/xhtml1/DTD/xhtml1-transitional.dtd">
<html xmlns="http://www.w3.org/1999/xhtml" xml:lang="en" lang="en">
 <head>
  <title>
</title>
<meta http-equiv="Content-Type" content="text/html;charset=utf-8" />
  <meta name='ocr-system' content='tesseract 3.04.00' />
  <meta name='ocr-capabilities' content='ocr_page ocr_carea ocr_par ocr_line ocrx_word'/>
</head>
<body>
  <div class='ocr_page' id='page_1' title='image "./deemptionevendi00bekkgoog_0038.png"; bbox 0 0 3688 5372; ppageno 0'>
   <div class='ocr_carea' id='block_1_1' title="bbox 825 303 872 380">
    <p class='ocr_par' dir='ltr' id='par_1_1' title="bbox 825 303 872 380">
     <span class='ocr_line' id='line_1_1' title="bbox 825 303 872 380; baseline 0.043 -2"><span class='ocrx_word' id='word_1_1' title='bbox 825 303 872 380; x_wconf 82' lang='lat'><strong>33</strong></span> 
     </span>
    </p>
   </div>
   <div class='ocr_carea' id='block_1_2' title="bbox 288 474 1239 907">
    <p class='ocr_par' dir='ltr' id='par_1_2' title="bbox 388 474 1239 590">
     <span class='ocr_line' id='line_1_2' title="bbox 388 474 1239 590; baseline -0.008 -22"><span class='ocrx_word' id='word_1_2' title='bbox 388 506 443 568; x_wconf 84' lang='lat' dir='ltr'><strong>emi</strong></span> <span class='ocrx_word' id='word_1_3' title='bbox 467 515 582 590; x_wconf 81' lang='lat' dir='ltr'><strong>egomet</strong></span> <span class='ocrx_word' id='word_1_4' title='bbox 603 501 705 587; x_wconf 89' lang='lat' dir='ltr'><strong>potius</strong></span> <span class='ocrx_word' id='word_1_5' title='bbox 729 497 829 574; x_wconf 84' lang='lat' dir='ltr'><strong>aedes,</strong></span> <span class='ocrx_word' id='word_1_6' title='bbox 855 512 1007 586; x_wconf 73' lang='lat' dir='ltr'><strong>argentum</strong></span> <span class='ocrx_word' id='word_1_7' title='bbox 1032 499 1098 563; x_wconf 88' lang='lat' dir='ltr'><strong>dedi</strong></span> <span class='ocrx_word' id='word_1_8' title='bbox 1168 564 1176 583; x_wconf 33' lang='grc' dir='ltr'><em>θ</em></span> <span class='ocrx_word' id='word_1_9' title='bbox 1232 474 1239 485; x_wconf 51' lang='grc'><strong>”</strong></span> 
     </span>
    </p>

    <p class='ocr_par' dir='ltr' id='par_1_3' title="bbox 288 605 1221 907">
     <span class='ocr_line' id='line_1_3' title="bbox 288 605 1134 683; baseline -0.009 -6"><span class='ocrx_word' id='word_1_10' title='bbox 288 623 290 628; x_wconf 86' lang='grc'><strong>’</strong></span> <span class='ocrx_word' id='word_1_11' title='bbox 387 612 519 676; x_wconf 80' lang='lat' dir='ltr'><strong>thesauri</strong></span> <span class='ocrx_word' id='word_1_12' title='bbox 543 630 655 683; x_wconf 52' lang='lat' dir='ltr'><strong>eausa„</strong></span> <span class='ocrx_word' id='word_1_13' title='bbox 670 619 706 669; x_wconf 93' lang='lat' dir='ltr'><strong>ut</strong></span> <span class='ocrx_word' id='word_1_14' title='bbox 728 605 842 668; x_wconf 88' lang='lat' dir='ltr'><strong>salvom</strong></span> <span class='ocrx_word' id='word_1_15' title='bbox 864 609 957 669; x_wconf 85' lang='lat' dir='ltr'><strong>amieo</strong></span> <span class='ocrx_word' id='word_1_16' title='bbox 981 605 1134 671; x_wconf 81' lang='lat' dir='ltr'><strong>traderem.</strong></span> 
     </span>
     <span class='ocr_line' id='line_1_4' title="bbox 386 713 1221 804; baseline -0.007 -22"><span class='ocrx_word' id='word_1_17' title='bbox 386 738 482 804; x_wconf 88' lang='lat' dir='ltr'><strong>neque</strong></span> <span class='ocrx_word' id='word_1_18' title='bbox 505 716 578 779; x_wconf 87' lang='lat' dir='ltr'><strong>adeo</strong></span> <span class='ocrx_word' id='word_1_19' title='bbox 602 714 688 778; x_wconf 81' lang='lat' dir='ltr'><strong>hasce</strong></span> <span class='ocrx_word' id='word_1_20' title='bbox 712 717 767 778; x_wconf 87' lang='lat' dir='ltr'><strong>emi</strong></span> <span class='ocrx_word' id='word_1_21' title='bbox 791 713 862 776; x_wconf 91' lang='lat' dir='ltr'><strong>mihi</strong></span> <span class='ocrx_word' id='word_1_22' title='bbox 884 735 979 800; x_wconf 90' lang='lat' dir='ltr'><strong>neque</strong></span> <span class='ocrx_word' id='word_1_23' title='bbox 1002 736 1109 778; x_wconf 81' lang='lat' dir='ltr'><strong>usurae</strong></span> <span class='ocrx_word' id='word_1_24' title='bbox 1132 735 1221 777; x_wconf 84' lang='lat' dir='ltr'><strong>meae.</strong></span> 
     </span>
     <span class='ocr_line' id='line_1_5' title="bbox 388 820 1103 907; baseline -0.004 -20"><span class='ocrx_word' id='word_1_25' title='bbox 388 825 430 888; x_wconf 90' lang='lat' dir='ltr'><strong>illi</strong></span> <span class='ocrx_word' id='word_1_26' title='bbox 451 823 561 888; x_wconf 86' lang='lat' dir='ltr'><strong>redemi</strong></span> <span class='ocrx_word' id='word_1_27' title='bbox 583 843 716 897; x_wconf 85' lang='lat' dir='ltr'><strong>rursum,</strong></span> <span class='ocrx_word' id='word_1_28' title='bbox 742 843 759 884; x_wconf 94' lang='grc'><strong>3</strong></span> <span class='ocrx_word' id='word_1_29' title='bbox 782 842 826 885; x_wconf 83' lang='lat' dir='ltr'><strong>me</strong></span> <span class='ocrx_word' id='word_1_30' title='bbox 850 826 1003 907; x_wconf 76' lang='lat' dir='ltr'><strong>argentum</strong></span> <span class='ocrx_word' id='word_1_31' title='bbox 1026 820 1103 885; x_wconf 93' lang='lat' dir='ltr'><strong>dedi.</strong></span> 
     </span>
    </p>
   </div>
   <div class='ocr_carea' id='block_1_3' title="bbox 279 945 1215 1037">
    <p class='ocr_par' dir='ltr' id='par_1_4' title="bbox 279 945 1215 1037">
     <span class='ocr_line' id='line_1_6' title="bbox 279 945 1215 1037; baseline -0.01 -19"><span class='ocrx_word' id='word_1_32' title='bbox 279 953 348 1019; x_wconf 82' lang='grc'><strong>157.</strong></span> <span class='ocrx_word' id='word_1_33' title='bbox 383 948 562 1037; x_wconf 75' lang='lat' dir='ltr'><strong>posticulum</strong></span> <span class='ocrx_word' id='word_1_34' title='bbox 584 947 643 1011; x_wconf 88' lang='lat' dir='ltr'><strong>hoc</strong></span> <span class='ocrx_word' id='word_1_35' title='bbox 665 948 789 1033; x_wconf 84' lang='lat' dir='ltr'><strong>recepit,</strong></span> <span class='ocrx_word' id='word_1_36' title='bbox 815 967 881 1009; x_wconf 87' lang='lat' dir='ltr'><strong>cum</strong></span> <span class='ocrx_word' id='word_1_37' title='bbox 904 945 1000 1010; x_wconf 83' lang='lat' dir='ltr'><strong>aedes·</strong></span> <span class='ocrx_word' id='word_1_38' title='bbox 1013 945 1154 1011; x_wconf 80' lang='lat' dir='ltr'><strong>vendidit.</strong></span> <span class='ocrx_word' id='word_1_39' title='bbox 1210 984 1215 990; x_wconf 97' lang='lat'>-</span> 
     </span>
    </p>
   </div>
   <div class='ocr_carea' id='block_1_4' title="bbox 237 1071 1229 1268">
    <p class='ocr_par' dir='ltr' id='par_1_5' title="bbox 237 1071 1229 1268">
     <span class='ocr_line' id='line_1_7' title="bbox 237 1071 1229 1163; baseline -0.01 -18"><span class='ocrx_word' id='word_1_40' title='bbox 237 1075 350 1145; x_wconf 93' lang='grc'><strong>1141.</strong></span> <span class='ocrx_word' id='word_1_41' title='bbox 385 1079 482 1139; x_wconf 89' lang='lat' dir='ltr'><strong>minus</strong></span> <span class='ocrx_word' id='word_1_42' title='bbox 507 1071 672 1160; x_wconf 82' lang='lat' dir='ltr'><strong>quindecim</strong></span> <span class='ocrx_word' id='word_1_43' title='bbox 696 1071 757 1134; x_wconf 90' lang='lat' dir='ltr'><strong>dies</strong></span> <span class='ocrx_word' id='word_1_44' title='bbox 780 1084 939 1138; x_wconf 82' lang='lat' dir='ltr'><strong>sunteum</strong></span> <span class='ocrx_word' id='word_1_45' title='bbox 961 1094 1017 1163; x_wconf 88' lang='lat' dir='ltr'><strong>pro</strong></span> <span class='ocrx_word' id='word_1_46' title='bbox 1042 1072 1088 1135; x_wconf 93' lang='lat' dir='ltr'><strong>his</strong></span> <span class='ocrx_word' id='word_1_47' title='bbox 1107 1071 1229 1136; x_wconf 82' lang='lat' dir='ltr'><strong>aedibus</strong></span> 
     </span>
     <span class='ocr_line' id='line_1_8' title="bbox 383 1177 1121 1268; baseline -0.008 -21"><span class='ocrx_word' id='word_1_48' title='bbox 383 1185 482 1247; x_wconf 82' lang='lat' dir='ltr'><strong>minas</strong></span> <span class='ocrx_word' id='word_1_49' title='bbox 506 1179 700 1268; x_wconf 81' lang='lat' dir='ltr'><strong>quadraginta</strong></span> <span class='ocrx_word' id='word_1_50' title='bbox 723 1180 860 1264; x_wconf 81' lang='lat' dir='ltr'><strong>accepisti</strong></span> <span class='ocrx_word' id='word_1_51' title='bbox 883 1201 900 1240; x_wconf 90' lang='lat' dir='ltr'>a</span> <span class='ocrx_word' id='word_1_52' title='bbox 924 1177 1049 1243; x_wconf 86' lang='lat' dir='ltr'><strong>Callicle.</strong></span> <span class='ocrx_word' id='word_1_53' title='bbox 1117 1219 1121 1226; x_wconf 91' lang='lat'>·</span> 
     </span>
    </p>
   </div>
   <div class='ocr_carea' id='block_1_5' title="bbox 303 1285 1178 1607">
    <p class='ocr_par' dir='ltr' id='par_1_6' title="bbox 303 1285 1178 1607">
     <span class='ocr_line' id='line_1_9' title="bbox 303 1285 1048 1393; baseline -0.011 -19"><span class='ocrx_word' id='word_1_54' title='bbox 303 1307 351 1374; x_wconf 90' lang='grc'><strong>18.</strong></span> <span class='ocrx_word' id='word_1_55' title='bbox 384 1285 479 1371; x_wconf 75' lang='grc'><strong>131333</strong></span> <span class='ocrx_word' id='word_1_56' title='bbox 504 1304 698 1393; x_wconf 83' lang='lat' dir='ltr'><strong>quadraginta</strong></span> <span class='ocrx_word' id='word_1_57' title='bbox 721 1305 858 1389; x_wconf 80' lang='lat' dir='ltr'><strong>accepisti</strong></span> <span class='ocrx_word' id='word_1_58' title='bbox 881 1295 1048 1379; x_wconf 80' lang='lat' dir='ltr'><strong>a&#39;Calliele‚</strong></span> 
     </span>
     <span class='ocr_line' id='line_1_10' title="bbox 390 1411 1010 1497; baseline -0.008 -20"><span class='ocrx_word' id='word_1_59' title='bbox 390 1427 419 1478; x_wconf 92' lang='lat' dir='ltr'><strong>et</strong></span> <span class='ocrx_word' id='word_1_60' title='bbox 442 1413 488 1477; x_wconf 90' lang='lat' dir='ltr'><strong>ille</strong></span> <span class='ocrx_word' id='word_1_61' title='bbox 512 1411 596 1476; x_wconf 86' lang='lat' dir='ltr'><strong>aedes</strong></span> <span class='ocrx_word' id='word_1_62' title='bbox 620 1433 637 1475; x_wconf 89' lang='grc'><strong>3</strong></span> <span class='ocrx_word' id='word_1_63' title='bbox 659 1423 688 1474; x_wconf 88' lang='lat' dir='ltr'><strong>te</strong></span> <span class='ocrx_word' id='word_1_64' title='bbox 710 1413 822 1497; x_wconf 81' lang='lat' dir='ltr'><strong>aceepit</strong></span> <span class='ocrx_word' id='word_1_65' title='bbox 843 1414 1010 1497; x_wconf 81' lang='lat' dir='ltr'><strong>mancupio.</strong></span> 
     </span>
     <span class='ocr_line' id='line_1_11' title="bbox 395 1516 1178 1607; baseline -0.004 -24"><span class='ocrx_word' id='word_1_66' title='bbox 395 1559 429 1568; x_wconf 91' lang='lat'><strong>—</strong></span> <span class='ocrx_word' id='word_1_67' title='bbox 455 1520 507 1607; x_wconf 87' lang='lat' dir='ltr'><strong>pol</strong></span> <span class='ocrx_word' id='word_1_68' title='bbox 532 1521 652 1605; x_wconf 88' lang='lat' dir='ltr'><strong>opinor,</strong></span> <span class='ocrx_word' id='word_1_69' title='bbox 678 1517 782 1581; x_wconf 80' lang='lat' dir='ltr'><strong>adfinis</strong></span> <span class='ocrx_word' id='word_1_70' title='bbox 805 1528 907 1582; x_wconf 88' lang='lat' dir='ltr'><strong>noster</strong></span> <span class='ocrx_word' id='word_1_71' title='bbox 929 1516 1014 1581; x_wconf 88' lang='lat' dir='ltr'><strong>aedes</strong></span> <span class='ocrx_word' id='word_1_72' title='bbox 1038 1517 1178 1583; x_wconf 89' lang='lat' dir='ltr'><strong>vendidit.</strong></span> 
     </span>
    </p>
   </div>
   <div class='ocr_carea' id='block_1_6' title="bbox 216 1642 1485 1948">
    <p class='ocr_par' dir='ltr' id='par_1_7' title="bbox 216 1642 1485 1948">
     <span class='ocr_line' id='line_1_12' title="bbox 216 1642 1378 1730; baseline -0.008 -13"><span class='ocrx_word' id='word_1_73' title='bbox 216 1646 361 1716; x_wconf 84' lang='grc'><strong>1111374.</strong></span> <span class='ocrx_word' id='word_1_74' title='bbox 394 1645 523 1710; x_wconf 86' lang='lat' dir='ltr'><strong>vendidit</strong></span> <span class='ocrx_word' id='word_1_75' title='bbox 544 1658 614 1709; x_wconf 91' lang='lat' dir='ltr'><strong>tuus</strong></span> <span class='ocrx_word' id='word_1_76' title='bbox 638 1655 725 1706; x_wconf 83' lang='lat' dir='ltr'><strong>natus</strong></span> <span class='ocrx_word' id='word_1_77' title='bbox 749 1642 844 1707; x_wconf 86' lang='lat' dir='ltr'><strong>aedes.</strong></span> <span class='ocrx_word' id='word_1_78' title='bbox 873 1680 907 1689; x_wconf 91' lang='lat'>—</span> <span class='ocrx_word' id='word_1_79' title='bbox 934 1646 1017 1729; x_wconf 88' lang='lat' dir='ltr'><strong>perii.</strong></span> <span class='ocrx_word' id='word_1_80' title='bbox 1049 1682 1080 1690; x_wconf 96' lang='lat'>—</span> <span class='ocrx_word' id='word_1_81' title='bbox 1107 1648 1312 1730; x_wconf 82' lang='lat' dir='ltr'><strong>praesentariis</strong></span> <span class='ocrx_word' id='word_1_82' title='bbox 1358 1661 1378 1701; x_wconf 69' lang='grc' dir='ltr'><strong><em>ο</em></strong></span> 
     </span>
     <span class='ocr_line' id='line_1_13' title="bbox 390 1749 1485 1841; baseline -0.001 -24"><span class='ocrx_word' id='word_1_83' title='bbox 390 1755 502 1841; x_wconf 83' lang='lat' dir='ltr'><strong>argenti</strong></span> <span class='ocrx_word' id='word_1_84' title='bbox 525 1755 610 1816; x_wconf 87' lang='lat' dir='ltr'><strong>minis</strong></span> <span class='ocrx_word' id='word_1_85' title='bbox 633 1753 802 1816; x_wconf 85' lang='lat' dir='ltr'><strong>numeratis.</strong></span> <span class='ocrx_word' id='word_1_86' title='bbox 831 1788 865 1797; x_wconf 97' lang='lat'><em>-</em></span> <span class='ocrx_word' id='word_1_87' title='bbox 899 1749 995 1838; x_wconf 80' lang='lat' dir='ltr'><strong>quot?</strong></span> <span class='ocrx_word' id='word_1_88' title='bbox 1022 1790 1056 1798; x_wconf 94' lang='lat'>—</span> <span class='ocrx_word' id='word_1_89' title='bbox 1089 1751 1291 1839; x_wconf 81' lang='lat' dir='ltr'><strong>quadraginta.</strong></span> <span class='ocrx_word' id='word_1_90' title='bbox 1320 1791 1355 1800; x_wconf 88' lang='lat'><em>-</em></span> <span class='ocrx_word' id='word_1_91' title='bbox 1383 1754 1485 1820; x_wconf 85' lang='lat' dir='ltr'><strong>occidi.</strong></span> 
     </span>
     <span class='ocr_line' id='line_1_14' title="bbox 391 1857 874 1948; baseline -0.006 -24"><span class='ocrx_word' id='word_1_92' title='bbox 391 1863 458 1948; x_wconf 89' lang='lat' dir='ltr'><strong>quis</strong></span> <span class='ocrx_word' id='word_1_93' title='bbox 481 1882 529 1923; x_wconf 84' lang='lat' dir='ltr'><strong>eas</strong></span> <span class='ocrx_word' id='word_1_94' title='bbox 553 1858 643 1922; x_wconf 86' lang='lat' dir='ltr'><strong>emit?</strong></span> <span class='ocrx_word' id='word_1_95' title='bbox 670 1896 704 1905; x_wconf 93' lang='lat'>—</span> <span class='ocrx_word' id='word_1_96' title='bbox 734 1857 874 1924; x_wconf 81' lang='lat' dir='ltr'><strong>Callicles.</strong></span> 
     </span>
    </p>
   </div>
   <div class='ocr_carea' id='block_1_7' title="bbox 229 1983 1292 2178">
    <p class='ocr_par' dir='ltr' id='par_1_8' title="bbox 229 1983 1292 2178">
     <span class='ocr_line' id='line_1_15' title="bbox 229 1983 1264 2072; baseline -0.012 -18"><span class='ocrx_word' id='word_1_97' title='bbox 229 1988 287 2054; x_wconf 91' lang='grc'><strong>112</strong></span> <span class='ocrx_word' id='word_1_98' title='bbox 304 1986 356 2053; x_wconf 88' lang='grc'><strong>54.</strong></span> <span class='ocrx_word' id='word_1_99' title='bbox 391 1984 554 2072; x_wconf 84' lang='lat' dir='ltr'><strong>publicisne</strong></span> <span class='ocrx_word' id='word_1_100' title='bbox 578 1983 681 2048; x_wconf 87' lang='lat' dir='ltr'><strong>adfinis</strong></span> <span class='ocrx_word' id='word_1_101' title='bbox 704 1983 761 2047; x_wconf 85' lang='lat' dir='ltr'><strong>suit</strong></span> <span class='ocrx_word' id='word_1_102' title='bbox 783 2007 820 2047; x_wconf 82' lang='grc'><strong>33</strong></span> <span class='ocrx_word' id='word_1_103' title='bbox 843 1986 1006 2048; x_wconf 84' lang='lat' dir='ltr'><strong>maritumis</strong></span> <span class='ocrx_word' id='word_1_104' title='bbox 1029 1984 1178 2072; x_wconf 82' lang='lat' dir='ltr'><strong>negotiis?</strong></span> <span class='ocrx_word' id='word_1_105' title='bbox 1261 2035 1264 2042; x_wconf 88' lang='lat'>.</span> 
     </span>
     <span class='ocr_line' id='line_1_16' title="bbox 390 2089 1292 2178; baseline -0.003 -21"><span class='ocrx_word' id='word_1_106' title='bbox 390 2104 619 2158; x_wconf 84' lang='lat' dir='ltr'><strong>mercaturamne</strong></span> <span class='ocrx_word' id='word_1_107' title='bbox 641 2114 677 2154; x_wconf 87' lang='lat' dir='ltr'><strong>au</strong></span> <span class='ocrx_word' id='word_1_108' title='bbox 702 2091 818 2155; x_wconf 87' lang='lat' dir='ltr'><strong>venales</strong></span> <span class='ocrx_word' id='word_1_109' title='bbox 841 2089 960 2167; x_wconf 82' lang='lat' dir='ltr'><strong>habuit,</strong></span> <span class='ocrx_word' id='word_1_110' title='bbox 985 2090 1037 2154; x_wconf 92' lang='lat' dir='ltr'><strong>ubi</strong></span> <span class='ocrx_word' id='word_1_111' title='bbox 1060 2094 1120 2155; x_wconf 80' lang='lat' dir='ltr'><strong>rem</strong></span> <span class='ocrx_word' id='word_1_112' title='bbox 1143 2091 1292 2178; x_wconf 82' lang='lat' dir='ltr'><strong>perdidit?</strong></span> 
     </span>
    </p>
   </div>
   <div class='ocr_carea' id='block_1_8' title="bbox 220 2214 1406 2431">
    <p class='ocr_par' dir='ltr' id='par_1_9' title="bbox 220 2214 1406 2431">
     <span class='ocr_line' id='line_1_17' title="bbox 242 2214 1158 2304; baseline -0.004 -21"><span class='ocrx_word' id='word_1_113' title='bbox 242 2217 263 2283; x_wconf 90' lang='grc'><strong>4</strong></span> <span class='ocrx_word' id='word_1_114' title='bbox 286 2216 356 2284; x_wconf 87' lang='grc'><strong>163.</strong></span> <span class='ocrx_word' id='word_1_115' title='bbox 392 2217 456 2282; x_wconf 83' lang='grc' dir='ltr'><strong>ν311</strong></span> <span class='ocrx_word' id='word_1_116' title='bbox 477 2217 540 2280; x_wconf 88' lang='lat' dir='ltr'><strong>fieri</strong></span> <span class='ocrx_word' id='word_1_117' title='bbox 562 2214 648 2292; x_wconf 89' lang='lat' dir='ltr'><strong>liber,</strong></span> <span class='ocrx_word' id='word_1_118' title='bbox 673 2238 774 2280; x_wconf 88' lang='lat' dir='ltr'><strong>verum</strong></span> <span class='ocrx_word' id='word_1_119' title='bbox 800 2215 881 2304; x_wconf 85' lang='lat' dir='ltr'><strong>quod</strong></span> <span class='ocrx_word' id='word_1_120' title='bbox 905 2214 953 2279; x_wconf 91' lang='lat' dir='ltr'><strong>det</strong></span> <span class='ocrx_word' id='word_1_121' title='bbox 975 2238 1037 2280; x_wconf 87' lang='lat' dir='ltr'><strong>non</strong></span> <span class='ocrx_word' id='word_1_122' title='bbox 1059 2216 1158 2281; x_wconf 82' lang='lat' dir='ltr'><strong>habet.</strong></span> 
     </span>
     <span class='ocr_line' id='line_1_18' title="bbox 220 2340 1406 2431; baseline -0.003 -22"><span class='ocrx_word' id='word_1_123' title='bbox 220 2342 362 2409; x_wconf 76' lang='grc'><strong>161349.</strong></span> <span class='ocrx_word' id='word_1_124' title='bbox 392 2342 474 2431; x_wconf 89' lang='lat' dir='ltr'><strong>qued</strong></span> <span class='ocrx_word' id='word_1_125' title='bbox 497 2340 646 2417; x_wconf 85' lang='lat' dir='ltr'><strong>dederam,</strong></span> <span class='ocrx_word' id='word_1_126' title='bbox 671 2341 781 2405; x_wconf 77' lang='lat' dir='ltr'><strong>talento</strong></span> <span class='ocrx_word' id='word_1_127' title='bbox 805 2344 953 2424; x_wconf 82' lang='lat' dir='ltr'><strong>inimicum</strong></span> <span class='ocrx_word' id='word_1_128' title='bbox 976 2344 1015 2405; x_wconf 94' lang='lat' dir='ltr'><strong>mi</strong></span> <span class='ocrx_word' id='word_1_129' title='bbox 1038 2345 1109 2418; x_wconf 89' lang='lat' dir='ltr'><strong>emi,</strong></span> <span class='ocrx_word' id='word_1_130' title='bbox 1132 2346 1255 2408; x_wconf 85' lang='lat' dir='ltr'><strong>amicum</strong></span> <span class='ocrx_word' id='word_1_131' title='bbox 1279 2343 1406 2407; x_wconf 90' lang='lat' dir='ltr'><strong>vendidi.</strong></span> 
     </span>
    </p>
   </div>
   <div class='ocr_carea' id='block_1_9' title="bbox 301 2458 1485 2557">
    <p class='ocr_par' dir='ltr' id='par_1_10' title="bbox 301 2458 1485 2557">
     <span class='ocr_line' id='line_1_19' title="bbox 301 2458 1485 2557; baseline -0.002 -25"><span class='ocrx_word' id='word_1_132' title='bbox 301 2466 354 2532; x_wconf 84' lang='grc'><strong>54.</strong></span> <span class='ocrx_word' id='word_1_133' title='bbox 390 2489 482 2533; x_wconf 87' lang='lat' dir='ltr'><strong>emere</strong></span> <span class='ocrx_word' id='word_1_134' title='bbox 497 2468 614 2531; x_wconf 88' lang='lat' dir='ltr'><strong>meliust</strong></span> <span class='ocrx_word' id='word_1_135' title='bbox 630 2470 701 2555; x_wconf 89' lang='lat' dir='ltr'><strong>quoi</strong></span> <span class='ocrx_word' id='word_1_136' title='bbox 717 2469 851 2552; x_wconf 90' lang='lat' dir='ltr'><strong>imperes.</strong></span> <span class='ocrx_word' id='word_1_137' title='bbox 868 2503 906 2519; x_wconf 54' lang='grc' dir='ltr'><strong>ν-</strong></span> <span class='ocrx_word' id='word_1_138' title='bbox 919 2468 975 2557; x_wconf 72' lang='lat' dir='ltr'><strong>pol</strong></span> <span class='ocrx_word' id='word_1_139' title='bbox 992 2490 1046 2555; x_wconf 82' lang='lat' dir='ltr'><strong>ego</strong></span> <span class='ocrx_word' id='word_1_140' title='bbox 1063 2472 1119 2532; x_wconf 90' lang='lat' dir='ltr'><strong>emi</strong></span> <span class='ocrx_word' id='word_1_141' title='bbox 1135 2481 1223 2556; x_wconf 83' lang='lat' dir='ltr'><strong>atque</strong></span> <span class='ocrx_word' id='word_1_142' title='bbox 1239 2482 1391 2557; x_wconf 82' lang='lat' dir='ltr'><strong>argeutum</strong></span> <span class='ocrx_word' id='word_1_143' title='bbox 1408 2458 1485 2532; x_wconf 90' lang='lat' dir='ltr'><strong>dedi.</strong></span> 
     </span>
    </p>
   </div>
   <div class='ocr_carea' id='block_1_10' title="bbox 703 2631 996 2702">
    <p class='ocr_par' dir='ltr' id='par_1_11' title="bbox 703 2631 996 2702">
     <span class='ocr_line' id='line_1_20' title="bbox 703 2631 996 2702; baseline 0.007 -2"><span class='ocrx_word' id='word_1_144' title='bbox 703 2631 996 2702; x_wconf 86' lang='lat' dir='ltr'><strong>Truculentus.</strong></span> 
     </span>
    </p>
   </div>
   <div class='ocr_carea' id='block_1_11' title="bbox 240 2759 1166 3074">
    <p class='ocr_par' dir='ltr' id='par_1_12' title="bbox 240 2759 1166 3074">
     <span class='ocr_line' id='line_1_21' title="bbox 240 2759 1031 2827; baseline -0.024 16"><span class='ocrx_word' id='word_1_145' title='bbox 240 2763 275 2826; x_wconf 79' lang='lat' dir='ltr'>ffl</span> <span class='ocrx_word' id='word_1_146' title='bbox 293 2759 308 2827; x_wconf 80' lang='lat'>1</span> <span class='ocrx_word' id='word_1_147' title='bbox 328 2761 357 2825; x_wconf 87' lang='lat'><strong>3·</strong></span> <span class='ocrx_word' id='word_1_148' title='bbox 484 2774 492 2794; x_wconf 82' lang='lat'><em>¹</em></span> <span class='ocrx_word' id='word_1_149' title='bbox 911 2760 1031 2825; x_wconf 86' lang='lat' dir='ltr'><strong>advenit</strong></span> 
     </span>
     <span class='ocr_line' id='line_1_22' title="bbox 391 2867 1161 2957; baseline 0 -25"><span class='ocrx_word' id='word_1_150' title='bbox 391 2868 430 2932; x_wconf 86' lang='lat' dir='ltr'><strong>ad</strong></span> <span class='ocrx_word' id='word_1_151' title='bbox 452 2868 564 2944; x_wconf 89' lang='lat' dir='ltr'><strong>villam,</strong></span> <span class='ocrx_word' id='word_1_152' title='bbox 589 2881 742 2956; x_wconf 83' lang='lat' dir='ltr'><strong>argentum</strong></span> <span class='ocrx_word' id='word_1_153' title='bbox 765 2892 829 2933; x_wconf 89' lang='lat' dir='ltr'><strong>meo</strong></span> <span class='ocrx_word' id='word_1_154' title='bbox 854 2872 905 2956; x_wconf 90' lang='lat' dir='ltr'><strong>qui</strong></span> <span class='ocrx_word' id='word_1_155' title='bbox 928 2867 1053 2934; x_wconf 88' lang='lat' dir='ltr'><strong>debebat</strong></span> <span class='ocrx_word' id='word_1_156' title='bbox 1076 2873 1161 2957; x_wconf 85' lang='lat' dir='ltr'><strong>patri,</strong></span> 
     </span>
     <span class='ocr_line' id='line_1_23' title="bbox 393 2975 1166 3074; baseline 0.003 -33"><span class='ocrx_word' id='word_1_157' title='bbox 393 2977 444 3074; x_wconf 78' lang='lat' dir='ltr'><strong>qui</strong></span> <span class='ocrx_word' id='word_1_158' title='bbox 468 2998 537 3040; x_wconf 88' lang='lat' dir='ltr'><strong>oves</strong></span> <span class='ocrx_word' id='word_1_159' title='bbox 563 2975 739 3041; x_wconf 80' lang='lat' dir='ltr'><strong>Tarentinas</strong></span> <span class='ocrx_word' id='word_1_160' title='bbox 763 2990 826 3042; x_wconf 88' lang='lat' dir='ltr'><strong>erat</strong></span> <span class='ocrx_word' id='word_1_161' title='bbox 846 2990 990 3042; x_wconf 86' lang='lat' dir='ltr'><strong>mercatus</strong></span> <span class='ocrx_word' id='word_1_162' title='bbox 1015 2977 1050 3041; x_wconf 87' lang='lat' dir='ltr'><strong>de</strong></span> <span class='ocrx_word' id='word_1_163' title='bbox 1073 2991 1166 3065; x_wconf 88' lang='lat' dir='ltr'><strong>patre.</strong></span> 
     </span>
    </p>
   </div>
   <div class='ocr_carea' id='block_1_12' title="bbox 219 3101 1309 3674">
    <p class='ocr_par' dir='ltr' id='par_1_13' title="bbox 219 3101 1309 3674">
     <span class='ocr_line' id='line_1_24' title="bbox 323 3101 788 3189; baseline 0 -23"><span class='ocrx_word' id='word_1_164' title='bbox 323 3101 353 3166; x_wconf 89' lang='lat'><strong>8.</strong></span> <span class='ocrx_word' id='word_1_165' title='bbox 390 3105 484 3166; x_wconf 89' lang='lat' dir='ltr'><strong>minas</strong></span> <span class='ocrx_word' id='word_1_166' title='bbox 507 3104 611 3189; x_wconf 82' lang='lat' dir='ltr'><strong>viginti</strong></span> <span class='ocrx_word' id='word_1_167' title='bbox 633 3101 706 3166; x_wconf 90' lang='lat' dir='ltr'><strong>mihi</strong></span> <span class='ocrx_word' id='word_1_168' title='bbox 729 3101 788 3166; x_wconf 83' lang='lat' dir='ltr'><strong>dut.</strong></span> 
     </span>
     <span class='ocr_line' id='line_1_25' title="bbox 240 3223 692 3314; baseline -0.002 -24"><span class='ocrx_word' id='word_1_169' title='bbox 240 3223 355 3292; x_wconf 86' lang='grc'><strong>1133.</strong></span> <span class='ocrx_word' id='word_1_170' title='bbox 392 3239 444 3292; x_wconf 84' lang='lat' dir='ltr'><strong>aut</strong></span> <span class='ocrx_word' id='word_1_171' title='bbox 464 3241 561 3314; x_wconf 69' lang='lat' dir='ltr'><strong>empta</strong></span> <span class='ocrx_word' id='word_1_172' title='bbox 581 3227 692 3292; x_wconf 80' lang='lat' dir='ltr'><strong>ancille.</strong></span> 
     </span>
     <span class='ocr_line' id='line_1_26' title="bbox 219 3350 1169 3443; baseline 0.002 -26"><span class='ocrx_word' id='word_1_173' title='bbox 219 3350 278 3418; x_wconf 90' lang='grc'><strong>116</strong></span> <span class='ocrx_word' id='word_1_174' title='bbox 299 3351 351 3418; x_wconf 95' lang='grc'><strong>62.</strong></span> <span class='ocrx_word' id='word_1_175' title='bbox 905 3357 1010 3443; x_wconf 79' lang='lat' dir='ltr'><strong>viginti</strong></span> <span class='ocrx_word' id='word_1_176' title='bbox 1031 3357 1118 3420; x_wconf 88' lang='lat' dir='ltr'><strong>minis</strong></span> <span class='ocrx_word' id='word_1_177' title='bbox 1162 3368 1169 3376; x_wconf 87' lang='grc'><strong>”</strong></span> 
     </span>
     <span class='ocr_line' id='line_1_27' title="bbox 326 3460 1269 3550; baseline 0.005 -27"><span class='ocrx_word' id='word_1_178' title='bbox 326 3485 328 3489; x_wconf 96' lang='grc'><strong><em>·</em></strong></span> <span class='ocrx_word' id='word_1_179' title='bbox 391 3463 489 3524; x_wconf 86' lang='lat' dir='ltr'><strong>venire</strong></span> <span class='ocrx_word' id='word_1_180' title='bbox 512 3461 594 3525; x_wconf 81' lang='lat' dir='ltr'><strong>illaec</strong></span> <span class='ocrx_word' id='word_1_181' title='bbox 617 3484 705 3548; x_wconf 90' lang='lat' dir='ltr'><strong>posse</strong></span> <span class='ocrx_word' id='word_1_182' title='bbox 728 3460 814 3525; x_wconf 84' lang='lat' dir='ltr'><strong>eredo</strong></span> <span class='ocrx_word' id='word_1_183' title='bbox 840 3460 918 3526; x_wconf 89' lang='lat' dir='ltr'><strong>dona</strong></span> <span class='ocrx_word' id='word_1_184' title='bbox 942 3484 1016 3550; x_wconf 85' lang='lat' dir='ltr'><strong>quae</strong></span> <span class='ocrx_word' id='word_1_185' title='bbox 1039 3465 1065 3525; x_wconf 90' lang='lat' dir='ltr'><strong>ei</strong></span> <span class='ocrx_word' id='word_1_186' title='bbox 1089 3462 1168 3528; x_wconf 89' lang='lat' dir='ltr'><strong>deno</strong></span> <span class='ocrx_word' id='word_1_187' title='bbox 1193 3463 1269 3528; x_wconf 89' lang='lat' dir='ltr'><strong>dedi.</strong></span> 
     </span>
     <span class='ocr_line' id='line_1_28' title="bbox 262 3583 1309 3674; baseline 0.006 -26"><span class='ocrx_word' id='word_1_188' title='bbox 262 3583 361 3660; x_wconf 70' lang='grc'><strong>220.</strong></span> <span class='ocrx_word' id='word_1_189' title='bbox 390 3589 545 3673; x_wconf 83' lang='lat' dir='ltr'><strong>mancupio</strong></span> <span class='ocrx_word' id='word_1_190' title='bbox 571 3589 637 3651; x_wconf 87' lang='lat' dir='ltr'><strong>vine</strong></span> <span class='ocrx_word' id='word_1_191' title='bbox 660 3589 751 3672; x_wconf 77' lang='lat' dir='ltr'><strong>accipi</strong></span> <span class='ocrx_word' id='word_1_192' title='bbox 776 3608 851 3673; x_wconf 90' lang='lat' dir='ltr'><strong>quos</strong></span> <span class='ocrx_word' id='word_1_193' title='bbox 874 3599 972 3674; x_wconf 83' lang='lat' dir='ltr'><strong>gestes</strong></span> <span class='ocrx_word' id='word_1_194' title='bbox 995 3600 1091 3652; x_wconf 85' lang='lat' dir='ltr'><strong>tecum</strong></span> <span class='ocrx_word' id='word_1_195' title='bbox 1115 3588 1171 3653; x_wconf 88' lang='lat' dir='ltr'><strong>hos</strong></span> <span class='ocrx_word' id='word_1_196' title='bbox 1196 3589 1309 3653; x_wconf 86' lang='lat' dir='ltr'><strong>anulos.</strong></span> 
     </span>
    </p>
   </div>
   <div class='ocr_carea' id='block_1_13' title="bbox 593 4675 1105 4732">
    <p class='ocr_par' dir='ltr' id='par_1_14' title="bbox 593 4675 1105 4732">
     <span class='ocr_line' id='line_1_29' title="bbox 593 4675 1105 4732; baseline 0.004 -14"><span class='ocrx_word' id='word_1_197' title='bbox 593 4680 734 4732; x_wconf 72' lang='lat' dir='ltr'><strong>nuuottttt,</strong></span> <span class='ocrx_word' id='word_1_198' title='bbox 757 4681 836 4720; x_wconf 76' lang='lat' dir='ltr'>TYPIS</span> <span class='ocrx_word' id='word_1_199' title='bbox 855 4675 973 4720; x_wconf 66' lang='lat' dir='ltr'><strong>GUSTAVI</strong></span> <span class='ocrx_word' id='word_1_200' title='bbox 992 4681 1105 4720; x_wconf 70' lang='lat' dir='ltr'><strong>scimus.</strong></span> 
     </span>
    </p>
   </div>
   <div class='ocr_carea' id='block_1_14' title="bbox 0 0 1848 5372">
    <p class='ocr_par' dir='ltr' id='par_1_15' title="bbox 0 0 1848 5372">
     <span class='ocr_line' id='line_1_30' title="bbox 0 0 1848 5372; baseline 0 9"><span class='ocrx_word' id='word_1_201' title='bbox 0 0 1848 5372; x_wconf 95' lang='lat' dir='ltr'><strong> </strong></span> 
     </span>
    </p>
   </div>
  </div>
 </body>
</html>
