<?xml version="1.0" encoding="UTF-8"?>
<!DOCTYPE html PUBLIC "-//W3C//DTD XHTML 1.0 Transitional//EN"
    "http://www.w3.org/TR/xhtml1/DTD/xhtml1-transitional.dtd">
<html xmlns="http://www.w3.org/1999/xhtml" xml:lang="en" lang="en">
 <head>
  <title>
</title>
<meta http-equiv="Content-Type" content="text/html;charset=utf-8" />
  <meta name='ocr-system' content='tesseract 3.04.00' />
  <meta name='ocr-capabilities' content='ocr_page ocr_carea ocr_par ocr_line ocrx_word'/>
</head>
<body>
  <div class='ocr_page' id='page_1' title='image "./deemptionevendi00bekkgoog_0023.png"; bbox 0 0 3688 5372; ppageno 0'>
   <div class='ocr_carea' id='block_1_1' title="bbox 837 254 1114 384">
    <p class='ocr_par' dir='ltr' id='par_1_1' title="bbox 837 254 1114 384">
     <span class='ocr_line' id='line_1_1' title="bbox 837 254 1114 384; baseline 0 -125"><span class='ocrx_word' id='word_1_1' title='bbox 837 279 1046 384; x_wconf 44' lang='grc' dir='ltr'><strong>Α</strong></span> <span class='ocrx_word' id='word_1_2' title='bbox 1111 254 1114 259; x_wconf 82' lang='grc'><strong>,</strong></span> 
     </span>
    </p>
   </div>
   <div class='ocr_carea' id='block_1_2' title="bbox 306 441 1653 690">
    <p class='ocr_par' dir='ltr' id='par_1_2' title="bbox 306 441 1653 690">
     <span class='ocr_line' id='line_1_2' title="bbox 308 441 1573 570; baseline 0.002 -23"><span class='ocrx_word' id='word_1_3' title='bbox 308 499 403 570; x_wconf 89' lang='lat' dir='ltr'><strong>quem</strong></span> <span class='ocrx_word' id='word_1_4' title='bbox 431 499 515 547; x_wconf 87' lang='lat' dir='ltr'><strong>nave</strong></span> <span class='ocrx_word' id='word_1_5' title='bbox 542 473 648 546; x_wconf 87' lang='lat' dir='ltr'><strong>fracta</strong></span> <span class='ocrx_word' id='word_1_6' title='bbox 675 499 763 546; x_wconf 88' lang='lat' dir='ltr'><strong>mare</strong></span> <span class='ocrx_word' id='word_1_7' title='bbox 790 479 824 548; x_wconf 92' lang='lat' dir='ltr'><strong>in</strong></span> <span class='ocrx_word' id='word_1_8' title='bbox 850 475 928 546; x_wconf 87' lang='lat' dir='ltr'><strong>litus</strong></span> <span class='ocrx_word' id='word_1_9' title='bbox 956 477 1066 570; x_wconf 89' lang='lat' dir='ltr'><strong>rejecit</strong></span> <span class='ocrx_word' id='word_1_10' title='bbox 1093 476 1177 547; x_wconf 91' lang='lat' dir='ltr'><strong>unde</strong></span> <span class='ocrx_word' id='word_1_11' title='bbox 1198 441 1368 568; x_wconf 84' lang='lat' dir='ltr'><strong>proxume</strong></span> <span class='ocrx_word' id='word_1_12' title='bbox 1400 477 1573 570; x_wconf 80' lang='lat' dir='ltr'><strong>aufugerat</strong></span> 
     </span>
     <span class='ocr_line' id='line_1_3' title="bbox 306 584 1653 690; baseline 0.006 -18"><span class='ocrx_word' id='word_1_13' title='bbox 306 597 491 690; x_wconf 74' lang='lat' dir='ltr'><strong>morou</strong></span> <span class='ocrx_word' id='word_1_14' title='bbox 1647 584 1653 599; x_wconf 86' lang='lat'>&#39;</span> 
     </span>
    </p>
   </div>
   <div class='ocr_carea' id='block_1_3' title="bbox 302 707 1572 1577">
    <p class='ocr_par' dir='ltr' id='par_1_3' title="bbox 560 707 1379 827">
     <span class='ocr_line' id='line_1_4' title="bbox 560 707 1379 827; baseline -0.002 -23"><span class='ocrx_word' id='word_1_15' title='bbox 560 763 638 805; x_wconf 90' lang='lat' dir='ltr'><strong>nunc</strong></span> <span class='ocrx_word' id='word_1_16' title='bbox 661 742 685 804; x_wconf 91' lang='lat' dir='ltr'><strong>si</strong></span> <span class='ocrx_word' id='word_1_17' title='bbox 708 762 754 804; x_wconf 87' lang='lat' dir='ltr'><strong>me</strong></span> <span class='ocrx_word' id='word_1_18' title='bbox 778 739 947 804; x_wconf 79' lang='lat' dir='ltr'>adulescens</span> <span class='ocrx_word' id='word_1_19' title='bbox 970 739 1180 827; x_wconf 91' lang='lat' dir='ltr'><strong>Pleusidippus</strong></span> <span class='ocrx_word' id='word_1_20' title='bbox 1204 707 1319 817; x_wconf 83' lang='lat' dir='ltr'><strong>viderit,</strong></span> <span class='ocrx_word' id='word_1_21' title='bbox 1374 789 1379 802; x_wconf 92' lang='lat'><strong>.</strong></span> 
     </span>
    </p>

    <p class='ocr_par' dir='ltr' id='par_1_4' title="bbox 561 847 1328 950">
     <span class='ocr_line' id='line_1_5' title="bbox 561 847 1328 950; baseline 0.001 -38"><span class='ocrx_word' id='word_1_22' title='bbox 561 873 578 912; x_wconf 87' lang='lat' dir='ltr'><strong>a</strong></span> <span class='ocrx_word' id='word_1_23' title='bbox 601 870 661 936; x_wconf 91' lang='lat' dir='ltr'><strong>quo</strong></span> <span class='ocrx_word' id='word_1_24' title='bbox 686 847 885 950; x_wconf 88' lang='lat' dir='ltr'><strong>arrhabonem</strong></span> <span class='ocrx_word' id='word_1_25' title='bbox 902 871 958 935; x_wconf 92' lang='lat' dir='ltr'><strong>pro</strong></span> <span class='ocrx_word' id='word_1_26' title='bbox 981 847 1131 912; x_wconf 81' lang='lat' dir='ltr'><strong>Palaestra</strong></span> <span class='ocrx_word' id='word_1_27' title='bbox 1154 870 1328 935; x_wconf 79' lang='lat' dir='ltr'><strong>acceperam,</strong></span> 
     </span>
    </p>

    <p class='ocr_par' dir='ltr' id='par_1_5' title="bbox 302 953 1572 1577">
     <span class='ocr_line' id='line_1_6' title="bbox 555 953 1186 1044; baseline 0.002 -27"><span class='ocrx_word' id='word_1_28' title='bbox 555 956 617 1040; x_wconf 89' lang='lat' dir='ltr'><strong>jam</strong></span> <span class='ocrx_word' id='word_1_29' title='bbox 640 958 665 1019; x_wconf 94' lang='lat' dir='ltr'><strong>is</strong></span> <span class='ocrx_word' id='word_1_30' title='bbox 689 955 840 1021; x_wconf 79' lang='lat' dir='ltr'><strong>exhibebit</strong></span> <span class='ocrx_word' id='word_1_31' title='bbox 861 953 909 1020; x_wconf 91' lang='lat' dir='ltr'><strong>hic</strong></span> <span class='ocrx_word' id='word_1_32' title='bbox 932 955 1004 1020; x_wconf 91' lang='lat' dir='ltr'><strong>mihi</strong></span> <span class='ocrx_word' id='word_1_33' title='bbox 1026 957 1186 1044; x_wconf 83' lang='lat' dir='ltr'><strong>negotium.</strong></span> 
     </span>
     <span class='ocr_line' id='line_1_7' title="bbox 304 1101 1572 1198; baseline 0.001 -26"><span class='ocrx_word' id='word_1_34' title='bbox 304 1126 343 1172; x_wconf 92' lang='lat' dir='ltr'><strong>ne</strong></span> <span class='ocrx_word' id='word_1_35' title='bbox 364 1102 404 1173; x_wconf 91' lang='lat' dir='ltr'><strong>ob</strong></span> <span class='ocrx_word' id='word_1_36' title='bbox 424 1103 641 1174; x_wconf 87' lang='lat' dir='ltr'><strong>arrhabonem</strong></span> <span class='ocrx_word' id='word_1_37' title='bbox 659 1117 827 1198; x_wconf 88' lang='lat' dir='ltr'><strong>acceptum</strong></span> <span class='ocrx_word' id='word_1_38' title='bbox 846 1108 1012 1198; x_wconf 75' lang='lat' dir='ltr'><strong>negotium</strong></span> <span class='ocrx_word' id='word_1_39' title='bbox 1034 1104 1097 1174; x_wconf 93' lang='lat' dir='ltr'><strong>sibi</strong></span> <span class='ocrx_word' id='word_1_40' title='bbox 1121 1105 1307 1176; x_wconf 82' lang='lat' dir='ltr'><strong>facessetur</strong></span> <span class='ocrx_word' id='word_1_41' title='bbox 1324 1114 1467 1173; x_wconf 90' lang='lat' dir='ltr'><strong>metuere</strong></span> <span class='ocrx_word' id='word_1_42' title='bbox 1485 1101 1572 1173; x_wconf 88' lang='lat' dir='ltr'><strong>vide.-</strong></span> 
     </span>
     <span class='ocr_line' id='line_1_8' title="bbox 303 1227 1571 1324; baseline -0.001 -26"><span class='ocrx_word' id='word_1_43' title='bbox 303 1241 373 1314; x_wconf 89' lang='lat' dir='ltr'><strong>tur,</strong></span> <span class='ocrx_word' id='word_1_44' title='bbox 392 1233 467 1323; x_wconf 89' lang='lat' dir='ltr'><strong>ipsa</strong></span> <span class='ocrx_word' id='word_1_45' title='bbox 487 1234 645 1323; x_wconf 87' lang='lat' dir='ltr'><strong>emptione</strong></span> <span class='ocrx_word' id='word_1_46' title='bbox 663 1230 752 1300; x_wconf 89' lang='lat' dir='ltr'><strong>haud</strong></span> <span class='ocrx_word' id='word_1_47' title='bbox 770 1235 876 1324; x_wconf 90' lang='lat' dir='ltr'><strong>magis</strong></span> <span class='ocrx_word' id='word_1_48' title='bbox 897 1254 994 1324; x_wconf 84' lang='lat' dir='ltr'><strong>quam</strong></span> <span class='ocrx_word' id='word_1_49' title='bbox 1008 1230 1220 1324; x_wconf 85' lang='lat' dir='ltr'><strong>jurejurando</strong></span> <span class='ocrx_word' id='word_1_50' title='bbox 1235 1230 1360 1324; x_wconf 87' lang='lat' dir='ltr'><strong>adjecto</strong></span> <span class='ocrx_word' id='word_1_51' title='bbox 1377 1252 1412 1300; x_wconf 91' lang='lat' dir='ltr'><strong>se</strong></span> <span class='ocrx_word' id='word_1_52' title='bbox 1425 1227 1571 1321; x_wconf 91' lang='lat' dir='ltr'><strong>impediri</strong></span> 
     </span>
     <span class='ocr_line' id='line_1_9' title="bbox 304 1354 1569 1450; baseline 0 -26"><span class='ocrx_word' id='word_1_53' title='bbox 304 1355 462 1449; x_wconf 87' lang='lat' dir='ltr'><strong>intelligit.</strong></span> <span class='ocrx_word' id='word_1_54' title='bbox 500 1368 597 1450; x_wconf 87' lang='lat' dir='ltr'><strong>atquc</strong></span> <span class='ocrx_word' id='word_1_55' title='bbox 616 1358 710 1427; x_wconf 89' lang='lat' dir='ltr'><strong>adest</strong></span> <span class='ocrx_word' id='word_1_56' title='bbox 728 1357 916 1428; x_wconf 88' lang='lat' dir='ltr'><strong>adolescens</strong></span> <span class='ocrx_word' id='word_1_57' title='bbox 935 1357 1178 1450; x_wconf 90' lang='lat' dir='ltr'><strong>Pleusidippus,</strong></span> <span class='ocrx_word' id='word_1_58' title='bbox 1204 1360 1339 1428; x_wconf 86' lang='lat' dir='ltr'><strong>incurrit</strong></span> <span class='ocrx_word' id='word_1_59' title='bbox 1362 1359 1396 1426; x_wconf 91' lang='lat' dir='ltr'><strong>iu</strong></span> <span class='ocrx_word' id='word_1_60' title='bbox 1414 1354 1569 1439; x_wconf 88' lang='lat' dir='ltr'><strong>lenonem,</strong></span> 
     </span>
     <span class='ocr_line' id='line_1_10' title="bbox 302 1480 1571 1577; baseline -0.001 -26"><span class='ocrx_word' id='word_1_61' title='bbox 302 1482 407 1574; x_wconf 84' lang='lat' dir='ltr'><strong>injus</strong></span> <span class='ocrx_word' id='word_1_62' title='bbox 426 1492 542 1565; x_wconf 86' lang='lat' dir='ltr'><strong>vocat,</strong></span> <span class='ocrx_word' id='word_1_63' title='bbox 568 1505 633 1551; x_wconf 91' lang='lat' dir='ltr'><strong>non</strong></span> <span class='ocrx_word' id='word_1_64' title='bbox 659 1483 939 1575; x_wconf 88' lang='lat' dir='ltr'><strong>quodvendiderit</strong></span> <span class='ocrx_word' id='word_1_65' title='bbox 962 1483 1129 1553; x_wconf 90' lang='lat' dir='ltr'><strong>mulierem</strong></span> <span class='ocrx_word' id='word_1_66' title='bbox 1147 1484 1199 1552; x_wconf 89' lang='lat' dir='ltr'><strong>vel</strong></span> <span class='ocrx_word' id='word_1_67' title='bbox 1217 1480 1429 1577; x_wconf 80' lang='lat' dir='ltr'><strong>jurejurando</strong></span> <span class='ocrx_word' id='word_1_68' title='bbox 1450 1504 1484 1551; x_wconf 90' lang='lat' dir='ltr'><strong>se</strong></span> <span class='ocrx_word' id='word_1_69' title='bbox 1503 1481 1571 1551; x_wconf 92' lang='lat' dir='ltr'><strong>alli·</strong></span> 
     </span>
    </p>
   </div>
   <div class='ocr_carea' id='block_1_4' title="bbox 188 1605 1472 1702">
    <p class='ocr_par' dir='ltr' id='par_1_6' title="bbox 188 1605 1472 1702">
     <span class='ocr_line' id='line_1_11' title="bbox 188 1605 1472 1702; baseline 0.002 -26"><span class='ocrx_word' id='word_1_70' title='bbox 188 1685 191 1692; x_wconf 34' lang='lat'><strong>,</strong></span> <span class='ocrx_word' id='word_1_71' title='bbox 302 1608 482 1702; x_wconf 82' lang='lat' dir='ltr'><strong>garit,sed</strong></span> <span class='ocrx_word' id='word_1_72' title='bbox 501 1606 541 1677; x_wconf 93' lang='lat' dir='ltr'><strong>ob</strong></span> <span class='ocrx_word' id='word_1_73' title='bbox 561 1607 593 1676; x_wconf 92' lang='lat' dir='ltr'><strong>id</strong></span> <span class='ocrx_word' id='word_1_74' title='bbox 611 1611 721 1700; x_wconf 92' lang='lat' dir='ltr'><strong>ipsum</strong></span> <span class='ocrx_word' id='word_1_75' title='bbox 740 1606 826 1702; x_wconf 91' lang='lat' dir='ltr'><strong>quod</strong></span> <span class='ocrx_word' id='word_1_76' title='bbox 845 1606 1061 1679; x_wconf 87' lang='lat' dir='ltr'><strong>arrhabonem</strong></span> <span class='ocrx_word' id='word_1_77' title='bbox 1081 1611 1249 1702; x_wconf 90' lang='lat' dir='ltr'><strong>acceperit.</strong></span> <span class='ocrx_word' id='word_1_78' title='bbox 1279 1605 1332 1696; x_wconf 90' lang='grc' dir='ltr'><strong>(ΠΙ</strong></span> <span class='ocrx_word' id='word_1_79' title='bbox 1352 1605 1374 1678; x_wconf 86' lang='grc'>6</span> <span class='ocrx_word' id='word_1_80' title='bbox 1394 1605 1472 1695; x_wconf 82' lang='grc'>21);</span> 
     </span>
    </p>
   </div>
   <div class='ocr_carea' id='block_1_5' title="bbox 481 1761 1407 2154">
    <p class='ocr_par' dir='ltr' id='par_1_7' title="bbox 482 1761 1238 1853">
     <span class='ocr_line' id='line_1_12' title="bbox 482 1761 1238 1853; baseline 0.003 -27"><span class='ocrx_word' id='word_1_81' title='bbox 482 1785 536 1852; x_wconf 85' lang='lat' dir='ltr'><strong>ego</strong></span> <span class='ocrx_word' id='word_1_82' title='bbox 561 1761 640 1827; x_wconf 91' lang='lat' dir='ltr'><strong>hunc</strong></span> <span class='ocrx_word' id='word_1_83' title='bbox 664 1764 817 1829; x_wconf 91' lang='lat' dir='ltr'><strong>scelestum</strong></span> <span class='ocrx_word' id='word_1_84' title='bbox 840 1767 870 1829; x_wconf 90' lang='lat' dir='ltr'><strong>in</strong></span> <span class='ocrx_word' id='word_1_85' title='bbox 889 1767 940 1852; x_wconf 87' lang='lat' dir='ltr'><strong>jus</strong></span> <span class='ocrx_word' id='word_1_86' title='bbox 963 1769 1076 1853; x_wconf 87' lang='lat' dir='ltr'><strong>rapiam</strong></span> <span class='ocrx_word' id='word_1_87' title='bbox 1099 1767 1238 1845; x_wconf 80' lang='lat' dir='ltr'><strong>exsulem.</strong></span> 
     </span>
    </p>

    <p class='ocr_par' dir='ltr' id='par_1_8' title="bbox 481 1869 1407 2068">
     <span class='ocr_line' id='line_1_13' title="bbox 483 1869 1407 1962; baseline 0 -28"><span class='ocrx_word' id='word_1_88' title='bbox 483 1893 535 1959; x_wconf 87' lang='lat' dir='ltr'><strong>age</strong></span> <span class='ocrx_word' id='word_1_89' title='bbox 559 1869 677 1934; x_wconf 85' lang='lat' dir='ltr'><strong>ambula</strong></span> <span class='ocrx_word' id='word_1_90' title='bbox 698 1873 810 1958; x_wconf 90' lang='lat' dir='ltr'><strong>injus.</strong></span> <span class='ocrx_word' id='word_1_91' title='bbox 845 1874 878 1938; x_wconf 93' lang='lat' dir='ltr'><strong>L.</strong></span> <span class='ocrx_word' id='word_1_92' title='bbox 905 1872 977 1961; x_wconf 90' lang='lat' dir='ltr'><strong>quid</strong></span> <span class='ocrx_word' id='word_1_93' title='bbox 999 1897 1054 1962; x_wconf 91' lang='lat' dir='ltr'><strong>ego</strong></span> <span class='ocrx_word' id='word_1_94' title='bbox 1080 1873 1209 1961; x_wconf 86' lang='lat' dir='ltr'><strong>deliqui?</strong></span> <span class='ocrx_word' id='word_1_95' title='bbox 1237 1871 1271 1936; x_wconf 92' lang='lat' dir='ltr'><strong>P.</strong></span> <span class='ocrx_word' id='word_1_96' title='bbox 1295 1870 1407 1960; x_wconf 81' lang='lat' dir='ltr'><strong>rogas?</strong></span> 
     </span>
     <span class='ocr_line' id='line_1_14' title="bbox 481 1977 1298 2068; baseline 0.006 -27"><span class='ocrx_word' id='word_1_97' title='bbox 481 1981 569 2066; x_wconf 89' lang='lat' dir='ltr'><strong>quine</strong></span> <span class='ocrx_word' id='word_1_98' title='bbox 593 1977 787 2044; x_wconf 88' lang='lat' dir='ltr'><strong>arrhabonem</strong></span> <span class='ocrx_word' id='word_1_99' title='bbox 811 2004 829 2044; x_wconf 91' lang='lat' dir='ltr'><strong>a</strong></span> <span class='ocrx_word' id='word_1_100' title='bbox 850 2004 896 2046; x_wconf 85' lang='lat' dir='ltr'><strong>ma</strong></span> <span class='ocrx_word' id='word_1_101' title='bbox 919 1985 1055 2068; x_wconf 86' lang='lat' dir='ltr'><strong>accepisti</strong></span> <span class='ocrx_word' id='word_1_102' title='bbox 1079 1981 1117 2046; x_wconf 94' lang='lat' dir='ltr'><strong>ob</strong></span> <span class='ocrx_word' id='word_1_103' title='bbox 1140 1981 1298 2058; x_wconf 84' lang='lat' dir='ltr'><strong>mulierem,</strong></span> 
     </span>
    </p>

    <p class='ocr_par' dir='ltr' id='par_1_9' title="bbox 481 2086 830 2154">
     <span class='ocr_line' id='line_1_15' title="bbox 481 2086 830 2154; baseline 0.009 -5"><span class='ocrx_word' id='word_1_104' title='bbox 481 2099 510 2150; x_wconf 91' lang='lat' dir='ltr'><strong>et</strong></span> <span class='ocrx_word' id='word_1_105' title='bbox 532 2108 595 2149; x_wconf 90' lang='lat' dir='ltr'><strong>eam</strong></span> <span class='ocrx_word' id='word_1_106' title='bbox 618 2086 687 2150; x_wconf 93' lang='lat' dir='ltr'><strong>hinc</strong></span> <span class='ocrx_word' id='word_1_107' title='bbox 710 2089 830 2154; x_wconf 72' lang='lat' dir='ltr'><strong>aventi?</strong></span> 
     </span>
    </p>
   </div>
   <div class='ocr_carea' id='block_1_6' title="bbox 300 2231 1463 2329">
    <p class='ocr_par' dir='ltr' id='par_1_10' title="bbox 300 2219 1463 2329">
     <span class='ocr_line' id='line_1_16' title="bbox 300 2231 1463 2329; baseline -0.001 -25"><span class='ocrx_word' id='word_1_108' title='bbox 300 2231 385 2329; x_wconf 89' lang='lat' dir='ltr'><strong>quod</strong></span> <span class='ocrx_word' id='word_1_109' title='bbox 404 2246 521 2327; x_wconf 88' lang='lat' dir='ltr'><strong>postea</strong></span> <span class='ocrx_word' id='word_1_110' title='bbox 537 2235 609 2306; x_wconf 89' lang='lat' dir='ltr'><strong>leno</strong></span> <span class='ocrx_word' id='word_1_111' title='bbox 631 2261 667 2306; x_wconf 94' lang='lat' dir='ltr'><strong>se</strong></span> <span class='ocrx_word' id='word_1_112' title='bbox 685 2241 904 2310; x_wconf 88' lang='lat' dir='ltr'><strong>miserrimum</strong></span> <span class='ocrx_word' id='word_1_113' title='bbox 921 2237 1109 2306; x_wconf 87' lang='lat' dir='ltr'><strong>mortalium</strong></span> <span class='ocrx_word' id='word_1_114' title='bbox 1129 2236 1291 2306; x_wconf 86' lang='lat' dir='ltr'><strong>exclamat</strong></span> <span class='ocrx_word' id='word_1_115' title='bbox 1316 2231 1358 2321; x_wconf 87' lang='lat' dir='ltr'><strong>(V</strong></span> <span class='ocrx_word' id='word_1_116' title='bbox 1375 2234 1391 2304; x_wconf 92' lang='lat'>1</span> <span class='ocrx_word' id='word_1_117' title='bbox 1411 2232 1463 2322; x_wconf 82' lang='lat'><strong>2):</strong></span> 
     </span>
    </p>
   </div>
   <div class='ocr_carea' id='block_1_7' title="bbox 478 2371 1398 2568">
    <p class='ocr_par' dir='ltr' id='par_1_11' title="bbox 478 2371 1398 2568">
     <span class='ocr_line' id='line_1_17' title="bbox 478 2371 1398 2462; baseline 0 -24"><span class='ocrx_word' id='word_1_118' title='bbox 478 2393 564 2461; x_wconf 88' lang='lat' dir='ltr'><strong>quem</strong></span> <span class='ocrx_word' id='word_1_119' title='bbox 588 2373 626 2438; x_wconf 86' lang='lat' dir='ltr'><strong>ad</strong></span> <span class='ocrx_word' id='word_1_120' title='bbox 648 2388 870 2462; x_wconf 83' lang='lat' dir='ltr'><strong>recuperatores</strong></span> <span class='ocrx_word' id='word_1_121' title='bbox 893 2374 982 2438; x_wconf 89' lang='lat' dir='ltr'><strong>modo</strong></span> <span class='ocrx_word' id='word_1_122' title='bbox 1009 2375 1157 2438; x_wconf 83' lang='lat' dir='ltr'><strong>damnavit</strong></span> <span class='ocrx_word' id='word_1_123' title='bbox 1179 2371 1398 2461; x_wconf 89' lang='lat' dir='ltr'><strong>Pleusidippus,</strong></span> 
     </span>
     <span class='ocr_line' id='line_1_18' title="bbox 480 2480 1116 2568; baseline 0 -23"><span class='ocrx_word' id='word_1_124' title='bbox 480 2480 647 2568; x_wconf 85' lang='lat' dir='ltr'><strong>abjudicata</strong></span> <span class='ocrx_word' id='word_1_125' title='bbox 670 2508 686 2547; x_wconf 87' lang='lat' dir='ltr'><strong>a</strong></span> <span class='ocrx_word' id='word_1_126' title='bbox 709 2507 754 2546; x_wconf 92' lang='lat' dir='ltr'><strong>me</strong></span> <span class='ocrx_word' id='word_1_127' title='bbox 777 2483 867 2547; x_wconf 90' lang='lat' dir='ltr'><strong>modo</strong></span> <span class='ocrx_word' id='word_1_128' title='bbox 891 2495 936 2546; x_wconf 90' lang='lat' dir='ltr'><strong>est</strong></span> <span class='ocrx_word' id='word_1_129' title='bbox 958 2482 1116 2546; x_wconf 79' lang='lat' dir='ltr'><strong>Palaestra.</strong></span> 
     </span>
    </p>
   </div>
   <div class='ocr_carea' id='block_1_8' title="bbox 298 2611 1569 3463">
    <p class='ocr_par' dir='ltr' id='par_1_12' title="bbox 298 2611 1569 3463">
     <span class='ocr_line' id='line_1_19' title="bbox 299 2611 1569 2706; baseline -0.002 -23"><span class='ocrx_word' id='word_1_130' title='bbox 299 2613 340 2683; x_wconf 88' lang='lat' dir='ltr'><strong>ad</strong></span> <span class='ocrx_word' id='word_1_131' title='bbox 360 2615 458 2704; x_wconf 90' lang='lat' dir='ltr'><strong>empti</strong></span> <span class='ocrx_word' id='word_1_132' title='bbox 476 2615 636 2683; x_wconf 88' lang='lat' dir='ltr'><strong>actionem</strong></span> <span class='ocrx_word' id='word_1_133' title='bbox 654 2614 857 2684; x_wconf 86' lang='lat' dir='ltr'><strong>referendum</strong></span> <span class='ocrx_word' id='word_1_134' title='bbox 875 2637 940 2684; x_wconf 92' lang='lat' dir='ltr'><strong>non</strong></span> <span class='ocrx_word' id='word_1_135' title='bbox 960 2626 1025 2684; x_wconf 92' lang='lat' dir='ltr'><strong>est:</strong></span> <span class='ocrx_word' id='word_1_136' title='bbox 1052 2635 1154 2706; x_wconf 85' lang='lat' dir='ltr'><strong>neque</strong></span> <span class='ocrx_word' id='word_1_137' title='bbox 1176 2615 1256 2682; x_wconf 86' lang='lat' dir='ltr'><strong>enim</strong></span> <span class='ocrx_word' id='word_1_138' title='bbox 1276 2611 1481 2706; x_wconf 88' lang='lat' dir='ltr'><strong>abjudicandi</strong></span> <span class='ocrx_word' id='word_1_139' title='bbox 1498 2631 1569 2681; x_wconf 81' lang='lat' dir='ltr'><strong>vox</strong></span> 
     </span>
     <span class='ocr_line' id='line_1_20' title="bbox 300 2738 1568 2834; baseline -0.003 -26"><span class='ocrx_word' id='word_1_140' title='bbox 300 2763 338 2809; x_wconf 89' lang='lat' dir='ltr'><strong>ea</strong></span> <span class='ocrx_word' id='word_1_141' title='bbox 365 2759 438 2809; x_wconf 84' lang='lat' dir='ltr'><strong>esse</strong></span> <span class='ocrx_word' id='word_1_142' title='bbox 465 2739 616 2810; x_wconf 89' lang='lat' dir='ltr'><strong>videatur</strong></span> <span class='ocrx_word' id='word_1_143' title='bbox 643 2764 708 2834; x_wconf 86' lang='lat' dir='ltr'><strong>qua</strong></span> <span class='ocrx_word' id='word_1_144' title='bbox 736 2765 778 2810; x_wconf 85' lang='lat' dir='ltr'><strong>ex</strong></span> <span class='ocrx_word' id='word_1_145' title='bbox 807 2753 913 2834; x_wconf 90' lang='lat' dir='ltr'><strong>empto</strong></span> <span class='ocrx_word' id='word_1_146' title='bbox 943 2743 1103 2810; x_wconf 87' lang='lat' dir='ltr'><strong>sententia</strong></span> <span class='ocrx_word' id='word_1_147' title='bbox 1131 2738 1343 2832; x_wconf 88' lang='lat' dir='ltr'><strong>significanda</strong></span> <span class='ocrx_word' id='word_1_148' title='bbox 1371 2741 1430 2821; x_wconf 93' lang='lat' dir='ltr'><strong>sit,</strong></span> <span class='ocrx_word' id='word_1_149' title='bbox 1466 2757 1568 2828; x_wconf 89' lang='lat' dir='ltr'><strong>neque</strong></span> 
     </span>
     <span class='ocr_line' id='line_1_21' title="bbox 300 2861 1569 2959; baseline -0.004 -24"><span class='ocrx_word' id='word_1_150' title='bbox 300 2869 428 2935; x_wconf 90' lang='lat' dir='ltr'><strong>omnino</strong></span> <span class='ocrx_word' id='word_1_151' title='bbox 442 2865 494 2935; x_wconf 91' lang='lat' dir='ltr'><strong>hic</strong></span> <span class='ocrx_word' id='word_1_152' title='bbox 510 2869 607 2959; x_wconf 86' lang='lat' dir='ltr'><strong>empti</strong></span> <span class='ocrx_word' id='word_1_153' title='bbox 622 2871 782 2938; x_wconf 87' lang='lat' dir='ltr'><strong>actionem</strong></span> <span class='ocrx_word' id='word_1_154' title='bbox 796 2867 915 2937; x_wconf 89' lang='lat' dir='ltr'><strong>intendi</strong></span> <span class='ocrx_word' id='word_1_155' title='bbox 930 2865 1062 2952; x_wconf 89' lang='lat' dir='ltr'><strong>licebat,</strong></span> <span class='ocrx_word' id='word_1_156' title='bbox 1081 2889 1154 2936; x_wconf 86' lang='lat' dir='ltr'><strong>curn</strong></span> <span class='ocrx_word' id='word_1_157' title='bbox 1168 2864 1394 2958; x_wconf 80' lang='lat' dir='ltr'><strong>Pleusidippus</strong></span> <span class='ocrx_word' id='word_1_158' title='bbox 1409 2864 1479 2957; x_wconf 90' lang='lat' dir='ltr'><strong>jam</strong></span> <span class='ocrx_word' id='word_1_159' title='bbox 1492 2861 1569 2931; x_wconf 93' lang='lat' dir='ltr'><strong>libe·</strong></span> 
     </span>
     <span class='ocr_line' id='line_1_22' title="bbox 298 2988 1569 3083; baseline -0.001 -24"><span class='ocrx_word' id='word_1_160' title='bbox 298 3014 385 3076; x_wconf 88' lang='lat' dir='ltr'><strong>ram,</strong></span> <span class='ocrx_word' id='word_1_161' title='bbox 413 3013 510 3083; x_wconf 86' lang='lat' dir='ltr'><strong>quam</strong></span> <span class='ocrx_word' id='word_1_162' title='bbox 537 2996 649 3062; x_wconf 92' lang='lat' dir='ltr'><strong>emerit</strong></span> <span class='ocrx_word' id='word_1_163' title='bbox 673 2993 839 3062; x_wconf 89' lang='lat' dir='ltr'><strong>mulierem</strong></span> <span class='ocrx_word' id='word_1_164' title='bbox 866 3016 939 3063; x_wconf 88' lang='lat' dir='ltr'><strong>esse</strong></span> <span class='ocrx_word' id='word_1_165' title='bbox 965 2994 1064 3063; x_wconf 91' lang='lat' dir='ltr'><strong>sciret</strong></span> <span class='ocrx_word' id='word_1_166' title='bbox 1089 2990 1156 3079; x_wconf 84' lang='grc' dir='ltr'><strong>(ΗΠ</strong></span> <span class='ocrx_word' id='word_1_167' title='bbox 1176 2991 1221 3079; x_wconf 88' lang='grc'><strong>8).</strong></span> <span class='ocrx_word' id='word_1_168' title='bbox 1257 2990 1358 3082; x_wconf 92' lang='lat' dir='ltr'><strong>liquet</strong></span> <span class='ocrx_word' id='word_1_169' title='bbox 1379 3011 1455 3082; x_wconf 88' lang='lat' dir='ltr'><strong>ergo</strong></span> <span class='ocrx_word' id='word_1_170' title='bbox 1480 2988 1569 3058; x_wconf 86' lang='lat' dir='ltr'><strong>illam</strong></span> 
     </span>
     <span class='ocr_line' id='line_1_23' title="bbox 298 3115 1569 3221; baseline -0.002 -36"><span class='ocrx_word' id='word_1_171' title='bbox 298 3115 568 3221; x_wconf 73' lang='lat' dir='ltr'><strong>abjudicationem</strong></span> <span class='ocrx_word' id='word_1_172' title='bbox 595 3119 637 3189; x_wconf 92' lang='lat' dir='ltr'><strong>ad</strong></span> <span class='ocrx_word' id='word_1_173' title='bbox 663 3118 828 3189; x_wconf 90' lang='lat' dir='ltr'><strong>liberalem</strong></span> <span class='ocrx_word' id='word_1_174' title='bbox 857 3143 993 3190; x_wconf 88' lang='lat' dir='ltr'><strong>causam</strong></span> <span class='ocrx_word' id='word_1_175' title='bbox 1023 3141 1094 3189; x_wconf 89' lang='lat' dir='ltr'><strong>esse</strong></span> <span class='ocrx_word' id='word_1_176' title='bbox 1122 3117 1336 3201; x_wconf 81' lang='lat' dir='ltr'><strong>referendam,</strong></span> <span class='ocrx_word' id='word_1_177' title='bbox 1364 3115 1420 3186; x_wconf 89' lang='lat' dir='ltr'><strong>ubi</strong></span> <span class='ocrx_word' id='word_1_178' title='bbox 1446 3115 1569 3184; x_wconf 87' lang='lat' dir='ltr'><strong>Pleusi-</strong></span> 
     </span>
     <span class='ocr_line' id='line_1_24' title="bbox 299 3231 1568 3335; baseline -0.002 -24"><span class='ocrx_word' id='word_1_179' title='bbox 299 3231 414 3335; x_wconf 90' lang='lat' dir='ltr'><strong>dippus</strong></span> <span class='ocrx_word' id='word_1_180' title='bbox 442 3242 563 3313; x_wconf 84' lang='lat' dir='ltr'><strong>vindex</strong></span> <span class='ocrx_word' id='word_1_181' title='bbox 591 3247 714 3314; x_wconf 89' lang='lat' dir='ltr'><strong>amicae</strong></span> <span class='ocrx_word' id='word_1_182' title='bbox 744 3248 925 3330; x_wconf 79' lang='lat' dir='ltr'><strong>exstiterit,</strong></span> <span class='ocrx_word' id='word_1_183' title='bbox 955 3248 1002 3314; x_wconf 93' lang='lat' dir='ltr'><strong>sic</strong></span> <span class='ocrx_word' id='word_1_184' title='bbox 1029 3256 1067 3313; x_wconf 91' lang='lat' dir='ltr'><strong>ut</strong></span> <span class='ocrx_word' id='word_1_185' title='bbox 1094 3255 1190 3313; x_wconf 88' lang='lat' dir='ltr'><strong>antea</strong></span> <span class='ocrx_word' id='word_1_186' title='bbox 1218 3265 1335 3313; x_wconf 87' lang='lat' dir='ltr'><strong>servus</strong></span> <span class='ocrx_word' id='word_1_187' title='bbox 1362 3239 1568 3333; x_wconf 88' lang='lat' dir='ltr'><strong>Pleusidippi,</strong></span> 
     </span>
     <span class='ocr_line' id='line_1_25' title="bbox 299 3366 1567 3463; baseline -0.002 -27"><span class='ocrx_word' id='word_1_188' title='bbox 299 3371 395 3438; x_wconf 90' lang='lat' dir='ltr'><strong>etiam</strong></span> <span class='ocrx_word' id='word_1_189' title='bbox 414 3371 605 3462; x_wconf 84' lang='lat' dir='ltr'><strong>priusquam</strong></span> <span class='ocrx_word' id='word_1_190' title='bbox 626 3371 663 3441; x_wconf 90' lang='lat' dir='ltr'><strong>de</strong></span> <span class='ocrx_word' id='word_1_191' title='bbox 681 3371 831 3441; x_wconf 91' lang='lat' dir='ltr'><strong>libertate</strong></span> <span class='ocrx_word' id='word_1_192' title='bbox 849 3371 1037 3442; x_wconf 88' lang='lat' dir='ltr'><strong>Palaestrae</strong></span> <span class='ocrx_word' id='word_1_193' title='bbox 1057 3381 1238 3455; x_wconf 87' lang='lat' dir='ltr'><strong>constaret,</strong></span> <span class='ocrx_word' id='word_1_194' title='bbox 1264 3379 1463 3463; x_wconf 86' lang='lat' dir='ltr'><strong>provocarat</strong></span> <span class='ocrx_word' id='word_1_195' title='bbox 1482 3366 1567 3436; x_wconf 90' lang='lat' dir='ltr'><strong>leno-</strong></span> 
     </span>
    </p>
   </div>
   <div class='ocr_carea' id='block_1_9' title="bbox 296 3491 1378 3805">
    <p class='ocr_par' dir='ltr' id='par_1_13' title="bbox 296 3491 1378 3805">
     <span class='ocr_line' id='line_1_26' title="bbox 296 3491 561 3584; baseline 0.019 -22"><span class='ocrx_word' id='word_1_196' title='bbox 296 3512 370 3563; x_wconf 88' lang='lat' dir='ltr'><strong>nem</strong></span> <span class='ocrx_word' id='word_1_197' title='bbox 391 3491 487 3581; x_wconf 80' lang='lat'><strong>(1114</strong></span> <span class='ocrx_word' id='word_1_198' title='bbox 510 3493 561 3584; x_wconf 84' lang='grc'><strong>7);</strong></span> 
     </span>
     <span class='ocr_line' id='line_1_27' title="bbox 721 3599 882 3687; baseline -0.006 -23"><span class='ocrx_word' id='word_1_199' title='bbox 721 3621 790 3687; x_wconf 88' lang='lat' dir='ltr'><strong>ergo</strong></span> <span class='ocrx_word' id='word_1_200' title='bbox 814 3599 882 3663; x_wconf 88' lang='lat' dir='ltr'><strong>dato</strong></span> 
     </span>
     <span class='ocr_line' id='line_1_28' title="bbox 500 3705 1378 3805; baseline -0.001 -35"><span class='ocrx_word' id='word_1_201' title='bbox 500 3705 535 3770; x_wconf 96' lang='lat' dir='ltr'><strong>de</strong></span> <span class='ocrx_word' id='word_1_202' title='bbox 559 3720 663 3771; x_wconf 88' lang='lat' dir='ltr'><strong>senatu</strong></span> <span class='ocrx_word' id='word_1_203' title='bbox 688 3705 849 3805; x_wconf 86' lang='lat' dir='ltr'><strong>Cyrenensi</strong></span> <span class='ocrx_word' id='word_1_204' title='bbox 873 3710 1005 3794; x_wconf 90' lang='lat' dir='ltr'><strong>quemvis</strong></span> <span class='ocrx_word' id='word_1_205' title='bbox 1031 3707 1203 3792; x_wconf 90' lang='lat' dir='ltr'><strong>opulentum</strong></span> <span class='ocrx_word' id='word_1_206' title='bbox 1227 3705 1378 3784; x_wconf 88' lang='lat' dir='ltr'><strong>arbitrum,</strong></span> 
     </span>
    </p>
   </div>
   <div class='ocr_carea' id='block_1_10' title="bbox 500 3814 1391 3902">
    <p class='ocr_par' dir='ltr' id='par_1_14' title="bbox 500 3814 1391 3902">
     <span class='ocr_line' id='line_1_29' title="bbox 500 3814 1391 3902; baseline -0.001 -24"><span class='ocrx_word' id='word_1_207' title='bbox 500 3817 525 3878; x_wconf 88' lang='lat' dir='ltr'><strong>si</strong></span> <span class='ocrx_word' id='word_1_208' title='bbox 548 3828 615 3879; x_wconf 89' lang='lat' dir='ltr'><strong>tuas</strong></span> <span class='ocrx_word' id='word_1_209' title='bbox 639 3837 701 3878; x_wconf 90' lang='lat' dir='ltr'><strong>csse</strong></span> <span class='ocrx_word' id='word_1_210' title='bbox 726 3828 859 3902; x_wconf 88' lang='lat' dir='ltr'><strong>oportet,</strong></span> <span class='ocrx_word' id='word_1_211' title='bbox 884 3817 952 3878; x_wconf 89' lang='lat' dir='ltr'><strong>nive</strong></span> <span class='ocrx_word' id='word_1_212' title='bbox 976 3838 1023 3878; x_wconf 89' lang='lat' dir='ltr'><strong>eas</strong></span> <span class='ocrx_word' id='word_1_213' title='bbox 1047 3837 1110 3879; x_wconf 90' lang='lat' dir='ltr'><strong>esse</strong></span> <span class='ocrx_word' id='word_1_214' title='bbox 1134 3827 1253 3902; x_wconf 88' lang='lat' dir='ltr'><strong>oportet</strong></span> <span class='ocrx_word' id='word_1_215' title='bbox 1275 3814 1391 3878; x_wconf 87' lang='lat' dir='ltr'><strong>liberas.</strong></span> 
     </span>
    </p>
   </div>
   <div class='ocr_carea' id='block_1_11' title="bbox 891 4064 975 4162">
    <p class='ocr_par' dir='ltr' id='par_1_15' title="bbox 891 4064 975 4162">
     <span class='ocr_line' id='line_1_30' title="bbox 891 4064 975 4162; baseline -0.012 0"><span class='ocrx_word' id='word_1_216' title='bbox 891 4064 975 4162; x_wconf 90' lang='lat' dir='ltr'><strong>llll.</strong></span> 
     </span>
    </p>
   </div>
   <div class='ocr_carea' id='block_1_12' title="bbox 286 4247 1567 4723">
    <p class='ocr_par' dir='ltr' id='par_1_16' title="bbox 286 4247 1567 4723">
     <span class='ocr_line' id='line_1_31' title="bbox 384 4247 1566 4343; baseline -0.005 -23"><span class='ocrx_word' id='word_1_217' title='bbox 384 4249 596 4320; x_wconf 87' lang='lat' dir='ltr'><strong>Perlustratis</strong></span> <span class='ocrx_word' id='word_1_218' title='bbox 610 4248 681 4343; x_wconf 89' lang='lat' dir='ltr'><strong>jam</strong></span> <span class='ocrx_word' id='word_1_219' title='bbox 699 4248 779 4318; x_wconf 91' lang='lat' dir='ltr'><strong>locis</strong></span> <span class='ocrx_word' id='word_1_220' title='bbox 799 4252 853 4342; x_wconf 89' lang='lat' dir='ltr'><strong>qui</strong></span> <span class='ocrx_word' id='word_1_221' title='bbox 873 4273 915 4319; x_wconf 84' lang='lat' dir='ltr'><strong>ex</strong></span> <span class='ocrx_word' id='word_1_222' title='bbox 931 4253 1089 4342; x_wconf 91' lang='lat' dir='ltr'><strong>emptione</strong></span> <span class='ocrx_word' id='word_1_223' title='bbox 1103 4247 1284 4318; x_wconf 82' lang='lat' dir='ltr'><strong>venditione</strong></span> <span class='ocrx_word' id='word_1_224' title='bbox 1303 4251 1461 4318; x_wconf 86' lang='lat' dir='ltr'><strong>actionem</strong></span> <span class='ocrx_word' id='word_1_225' title='bbox 1475 4247 1566 4315; x_wconf 88' lang='lat' dir='ltr'><strong>nasci</strong></span> 
     </span>
     <span class='ocr_line' id='line_1_32' title="bbox 298 4371 1564 4469; baseline -0.01 -21"><span class='ocrx_word' id='word_1_226' title='bbox 298 4377 420 4448; x_wconf 87' lang='lat' dir='ltr'><strong>nullam</strong></span> <span class='ocrx_word' id='word_1_227' title='bbox 447 4376 640 4469; x_wconf 87' lang='lat' dir='ltr'><strong>probarent,</strong></span> <span class='ocrx_word' id='word_1_228' title='bbox 670 4378 725 4469; x_wconf 88' lang='lat' dir='ltr'><strong>qui</strong></span> <span class='ocrx_word' id='word_1_229' title='bbox 751 4385 879 4445; x_wconf 90' lang='lat' dir='ltr'><strong>restant</strong></span> <span class='ocrx_word' id='word_1_230' title='bbox 907 4379 1004 4447; x_wconf 88' lang='lat' dir='ltr'><strong>etiam</strong></span> <span class='ocrx_word' id='word_1_231' title='bbox 1030 4375 1238 4468; x_wconf 86' lang='lat' dir='ltr'><strong>percurrendi</strong></span> <span class='ocrx_word' id='word_1_232' title='bbox 1265 4385 1359 4458; x_wconf 92' lang='lat' dir='ltr'><strong>sunt,</strong></span> <span class='ocrx_word' id='word_1_233' title='bbox 1388 4396 1466 4441; x_wconf 89' lang='lat' dir='ltr'><strong>num</strong></span> <span class='ocrx_word' id='word_1_234' title='bbox 1494 4371 1564 4463; x_wconf 82' lang='lat' dir='ltr'><strong>quis</strong></span> 
     </span>
     <span class='ocr_line' id='line_1_33' title="bbox 299 4501 1567 4595; baseline -0.009 -23"><span class='ocrx_word' id='word_1_235' title='bbox 299 4525 410 4573; x_wconf 88' lang='lat' dir='ltr'><strong>eorum</strong></span> <span class='ocrx_word' id='word_1_236' title='bbox 424 4505 623 4572; x_wconf 87' lang='lat' dir='ltr'><strong>eontrarium</strong></span> <span class='ocrx_word' id='word_1_237' title='bbox 639 4501 861 4572; x_wconf 89' lang='lat' dir='ltr'><strong>demonstrare</strong></span> <span class='ocrx_word' id='word_1_238' title='bbox 874 4505 997 4595; x_wconf 90' lang='lat' dir='ltr'><strong>possit,</strong></span> <span class='ocrx_word' id='word_1_239' title='bbox 1016 4504 1109 4572; x_wconf 87' lang='lat' dir='ltr'><strong>nasei</strong></span> <span class='ocrx_word' id='word_1_240' title='bbox 1126 4514 1236 4572; x_wconf 88' lang='lat' dir='ltr'><strong>tamen</strong></span> <span class='ocrx_word' id='word_1_241' title='bbox 1250 4523 1293 4570; x_wconf 85' lang='lat' dir='ltr'><strong>ex</strong></span> <span class='ocrx_word' id='word_1_242' title='bbox 1310 4504 1382 4593; x_wconf 91' lang='lat' dir='ltr'><strong>ipso</strong></span> <span class='ocrx_word' id='word_1_243' title='bbox 1398 4503 1567 4568; x_wconf 87' lang='lat' dir='ltr'><strong>contractu</strong></span> 
     </span>
     <span class='ocr_line' id='line_1_34' title="bbox 286 4629 1567 4723; baseline -0.004 -31"><span class='ocrx_word' id='word_1_244' title='bbox 286 4629 350 4699; x_wconf 80' lang='lat' dir='ltr'><strong>,vel</strong></span> <span class='ocrx_word' id='word_1_245' title='bbox 373 4632 529 4698; x_wconf 85' lang='lat' dir='ltr'><strong>incertam</strong></span> <span class='ocrx_word' id='word_1_246' title='bbox 556 4631 724 4698; x_wconf 88' lang='lat' dir='ltr'><strong>actionem.</strong></span> <span class='ocrx_word' id='word_1_247' title='bbox 762 4651 875 4700; x_wconf 89' lang='lat' dir='ltr'><strong>omnes</strong></span> <span class='ocrx_word' id='word_1_248' title='bbox 899 4632 1016 4722; x_wconf 89' lang='lat' dir='ltr'><strong>igitur,</strong></span> <span class='ocrx_word' id='word_1_249' title='bbox 1039 4631 1094 4722; x_wconf 91' lang='lat' dir='ltr'><strong>qui</strong></span> <span class='ocrx_word' id='word_1_250' title='bbox 1112 4632 1304 4723; x_wconf 85' lang='lat' dir='ltr'><strong>emptionem</strong></span> <span class='ocrx_word' id='word_1_251' title='bbox 1324 4632 1483 4718; x_wconf 87' lang='lat' dir='ltr'><strong>spectent,</strong></span> <span class='ocrx_word' id='word_1_252' title='bbox 1510 4641 1567 4688; x_wconf 87' lang='lat' dir='ltr'><strong>ex-</strong></span> 
     </span>
    </p>
   </div>
   <div class='ocr_carea' id='block_1_13' title="bbox 0 0 1848 5372">
    <p class='ocr_par' dir='ltr' id='par_1_17' title="bbox 0 0 1848 5372">
     <span class='ocr_line' id='line_1_35' title="bbox 0 0 1848 5372; baseline 0 3"><span class='ocrx_word' id='word_1_253' title='bbox 0 0 1848 5372; x_wconf 95' lang='lat' dir='ltr'><strong> </strong></span> 
     </span>
    </p>
   </div>
  </div>
 </body>
</html>
