3688 5372
818 261 1028 406 ‚aj-

293 495 478 585 (Poenulll
497 495 519 568 6
541 493 588 567 22
611 507 642 565 et
661 494 683 565 5
705 493 745 579 63
771 494 1000 588 llilgllllli
1028 491 1355 579 tentata-9,
1377 491 1554 578 11112583

290 626 369 693 item
385 622 498 692 videas
514 623 655 691 Terentii
671 621 787 690 Heaut.
801 619 879 691 1113
898 619 948 691 40
960 617 1037 691 -2
1059 631 1090 690 et
1107 619 1149 690 M.
1166 619 1297 691 Catonis
1316 621 1404 713 apud
1418 620 1554 692 Gellium
1610 674 1613 679 -

291 745 417 822 xviia
437 744 573 844 verbale
1465 768 1467 772 ·

378 895 484 942 merce
501 895 566 943 non
583 871 704 942 tradita
722 884 864 954 tantum,
883 894 997 942 verum
1018 874 1113 942 etiam
1131 875 1291 965 mancipio
1307 871 1399 958 data,
1421 895 1462 942 ex
1480 875 1555 968 ipsa

291 999 526 1090 mancipatione
543 1002 751 1070 notissimum
771 1010 822 1070 est
834 1001 994 1068 actionem
1010 1020 1081 1068 csse
1094 1009 1223 1084 natam,
1243 973 1325 1091 quae
1339 1009 1447 1068 tutum
1459 998 1554 1090 plane

292 1123 438 1195 redderet
456 1135 640 1217 emptorem.
670 1135 700 1193 et
712 1125 767 1194 illa
784 1128 816 1194 in
832 1146 895 1195 usu
914 1122 1017 1193 luisse
1030 1124 1159 1195 videtur
1172 1123 1409 1195 confirmandae
1423 1128 1555 1217 emptio·

292 1253 343 1320 nis
361 1253 463 1335 ratio,
482 1261 520 1320 ut
537 1247 648 1344 partes
668 1272 704 1320 se
721 1253 859 1321 invicem
872 1249 1084 1344 jurejurando
1108 1261 1223 1322 exacto
1244 1250 1499 1345 obstringerent;
1523 1252 1555 1321 id

293 1375 381 1470 quod
395 1387 505 1446 tamen
522 1379 682 1447 actionem
699 1376 828 1447 videtur
851 1379 1016 1469 peperisse
1038 1376 1169 1447 nullam.
1208 1376 1295 1447 aliud
1314 1400 1392 1448 sane
1412 1389 1482 1448 erat
1499 1376 1556 1449 uhi

293 1504 427 1596 sponsio
454 1501 665 1596 adjiciebatur
695 1502 736 1572 ad
767 1501 959 1572 firmandam
992 1506 1201 1595 emptionem3
1232 1509 1371 1597 namque
1399 1527 1442 1574 ex
1470 1507 1556 1575 omni

293 1651 420 1722 semper
437 1630 651 1722 promissione
670 1631 830 1699 actionem
847 1640 960 1699 natam
981 1650 1053 1699 esse
1073 1641 1211 1700 constat.
1243 1631 1314 1724 jam
1334 1629 1387 1700 hic
1405 1633 1557 1724 mancipii

287 1753 542 1849 jurisjurandive
560 1755 613 1824 vel
638 1758 850 1848 sponsionum
867 1758 920 1824 vis
946 1777 984 1824 ac
1002 1766 1122 1825 natura
1139 1779 1204 1827 non
1223 1756 1350 1827 videtur
1368 1760 1553 1828 accuratius

294 1880 484 1973 explicanda
511 1902 599 1950 esse:
631 1881 693 1952 hoc
722 1904 822 1951 uuum
851 1883 1004 1951 constitui
1032 1881 1218 1974 oportebat,
1253 1904 1323 1951 eam
1351 1882 1425 1952 olim
1451 1882 1555 1954 fuisse

294 2009 485 2099 emptionem
503 2006 733 2093 venditionem,
761 1990 820 2078 cui*
832 2006 948 2077 addere
966 2010 1054 2078 vires
1073 2011 1174 2078 variis
1193 2007 1297 2078 modis
1315 2020 1426 2102 partes
1446 2009 1555 2080 stude·

292 2144 372 2203 rent.
401 2155 439 2203 ac
457 2135 612 2202 miremur
628 2133 703 2204 licet
722 2133 797 2226 quid
816 2156 936 2203 causae
954 2132 1066 2219 fuerit,
1087 2157 1161 2218 eur,
1181 2137 1210 2204 si
1229 2137 1346 2226 emptio
1364 2139 1438 2228 ipsa
1456 2138 1556 2206 actio·

293 2281 366 2328 nem
383 2280 498 2351 parcre
514 2258 652 2345 valeret,
675 2259 925 2353 jusjurandum,
952 2260 1046 2352 cujus
1074 2263 1178 2329 minor
1202 2260 1297 2354 longe
1315 2264 1368 2332 vis
1395 2272 1479 2348 erat,
1503 2261 1557 2331 fir-

292 2382 428 2456 mandae
448 2387 617 2476 emptionis
637 2389 745 2480 gratia
764 2389 851 2480 exigi
869 2386 1028 2478 placuerit
1046 2388 1245 2480 saepissime.

835 2805 839 2814 ¹
890 2682 957 2779 iu.

380 2903 454 2974 Jam
471 2907 605 2997 propius
625 2904 666 2974 ad
685 2904 834 2999 singulos
854 2903 1048 2976 accedamus
1068 2904 1158 2974 locos
1168 2923 1181 2987 ;¹
1202 2926 1244 2974 ex
1262 2903 1380 2997 qr'riltm
1398 2905 1444 2976 illi
1461 2911 1556 3000 primi

292 3029 442 3101 videntur
459 3031 691 3123 perlustrandi,
718 3035 773 3124 qui
792 3054 834 3102 ex
852 3035 924 3124 ipso
944 3053 1105 3102 consensu
1123 3052 1226 3123 neque
1245 3034 1342 3123 empti
1359 3055 1418 3103 nec
1436 3033 1557 3104 venditi

180 3134 182 3138 ¹
292 3168 403 3227 natam
423 3179 495 3227 esse
514 3161 672 3228 actionem
690 3157 835 3250 probent.

381 3307 402 3352 a
421 3283 610 3355 Curculione
628 3287 754 3354 initium
774 3305 954 3354 sumamus.
987 3283 1078 3354 miles
1095 3283 1223 3376 quidam
1239 3269 1555 3378 Therapontigonus,

294 3411 407 3502 quiin
436 3409 529 3480 Caria
556 3421 718 3493 moratur,
746 3409 924 3479 mulierem.
941 3431 976 3478 se
1003 3433 1024 3479 a
1050 3410 1162 3479 lenone
1186 3408 1410 3502 Epidauricnsi
1441 3415 1557 3484 emisse

292 3546 414 3608 narrat.
454 3558 551 3629 quam
569 3559 638 3606 rem
656 3539 703 3606 ita
721 3535 819 3605 refert
839 3534 988 3606 Curculio
1005 3533 1069 3605 113
1087 3533 1132 3604 61
1146 3559 1158 3604 ;·

927 3667 1033 3755 (miles)
1057 3695 1102 3737 me
1125 3675 1287 3760 interrogat

338 3804 456 3870 ecquem
479 3785 510 3847 in
531 3782 682 3871 Epidauro
706 3784 878 3869 trapezitam
901 3780 1051 3868 Lyconem
1072 3783 1214 3845 noverim.

338 3891 402 3956 dieo
426 3913 471 3955 mc
495 3894 623 3956 novisse.
647 3928 682 3938 -
710 3889 783 3978 quid
804 3889 938 3954 lenonem
963 3887 1190 3976 Cappadocem?
1219 3887 1317 3952 adnuo

338 4001 480 4064 visitasse.
517 3999 569 4064 sed
592 3998 665 4087 quid
688 4019 754 4063 eum
776 3996 844 4061 vis?
870 4035 905 4045 -
933 3999 1003 4084 quia
1026 3996 1061 4061 de
1084 3995 1133 4062 illo
1158 3999 1213 4060 erni
1236 4000 1378 4084 virginem

337 4109 458 4194 triginta
480 4111 581 4184 minis3
605 4120 715 4171 vestem
739 4127 858 4181 aurum,
884 4117 913 4168 et
934 4126 989 4191 pro
1013 4105 1060 4168 his
1084 4103 1182 4169 decem
1205 4104 1384 4169 coaccedunt
1398 4106 1501 4168 minae.
1519 4140 1554 4151 —

338 4213 444 4278 dedisti
466 4227 501 4278 tu
523 4215 701 4303 argentum?
728 4217 857 4300 inquam.
887 4250 922 4260 -
949 4215 1036 4276 immo
1061 4211 1141 4299 apud
1163 4215 1335 4298 trapezitam
1358 4216 1447 4276 situm
1470 4223 1522 4286 est,

339 4321 419 4385 illum
443 4344 529 4410 quem
553 4322 629 4398 dixi,
653 4323 811 4409 Lyconem.
851 4333 938 4408 atque
962 4323 988 4383 ci
1011 4319 1161 4397 mandavi,
1186 4323 1238 4408 qui
1259 4319 1347 4384 anulo

339 4451 403 4493 mco
426 4428 547 4494 tabellas
572 4428 741 4518 obsignatas
765 4428 925 4505 attulisset,
950 4440 984 4492 ut
1007 4426 1090 4491 daret
1253 4517 1255 4522 Ι

340 4560 459 4626 operam
481 4551 516 4602 ut
537 4537 686 4602 mulierem
709 4560 727 4601 a
748 4539 852 4603 lenone
876 4559 941 4600 cum
965 4560 1038 4601 auro
1063 4549 1092 4600 ct
1115 4549 1194 4601 veste
1217 4535 1383 4601 abduceret.

295 4694 393 4764 quam
422 4672 613 4764 emptionem
640 4669 728 4739 ultra
748 4669 961 4765 jurejurando
990 4691 1010 4740 a
1040 4669 1153 4739 lenone
1186 4679 1302 4739 exacto
1335 4665 1557 4737 confirmatam
