3688 5372
900 236 923 308 8

807 337 1016 350 -n———n—-a

164 415 166 420 Α
265 432 582 528 Ἐρίἆίοοᾘῖᾝι
709 455 712 462 ·

572 586 689 652 operam
713 565 785 629 mihi
808 563 858 641 da,
885 561 974 650 opera
997 563 1162 634 reddibitur
1185 561 1249 628 tihi.

278 686 352 772 ibjd.
367 686 409 756 ΙΙΙ
424 685 446 756 4
463 685 530 757 81:

549 815 621 881 fides
644 840 706 882 non
728 815 850 881 reddis?
876 853 912 866 -
938 838 991 880 nec
1012 813 1085 884 fides
1109 837 1161 880 nec
1184 815 1281 880 tibias.

518 903 519 906 Ἴ
553 961 587 972 -
613 901 726 1015 flagitio
751 947 817 988 cum
839 905 1044 1009 majorcpost
1064 923 1169 988 reddes
1193 935 1299 989 tamen.

278 1063 495 1135 Menaechmis
515 1062 583 1151 (llll
602 1062 623 1134 2
642 1061 747 1149 tom:

471 1192 544 1280 quid
565 1194 637 1256 mihi
660 1191 794 1256 laturum
817 1205 860 1256 est
883 1195 935 1279 qui
957 1191 1012 1258 tibi
1034 1193 1110 1258 hanc
1133 1214 1252 1279 operam
1276 1191 1364 1257 dedi?

478 1339 514 1348 -
542 1323 632 1388 opera
654 1299 804 1364 reddetur.
1004 1309 1008 1318 ’

278 1439 439 1516 Pseudolo
455 1437 481 1529 (Ι
499 1441 515 1511 1
536 1439 614 1528 41);

557 1579 680 1643 salutem
703 1580 793 1642 mittit
816 1589 845 1641 et
867 1578 990 1643 salutern
1014 1576 1065 1641 abs
1089 1590 1117 1642 te
1142 1581 1262 1665 expetit.

562 1723 597 1733 -
623 1688 707 1772 perii.
742 1685 865 1750 salutem
887 1685 996 1750 nullam
1019 1689 1133 1764 inveni,
1156 1685 1311 1762 Pseudolo,

557 1817 644 1883 quam
667 1795 709 1858 illi
732 1797 885 1858 remittam.

278 1944 424 2018 Rudente
446 1940 514 2031 (llll
529 1943 551 2014 4
569 1939 648 2031 43);

422 2097 527 2140 aurum
550 2097 622 2138 auro
647 2070 844 2169 expendetur,
869 2084 1022 2161 argentum
1045 2085 1166 2162 argento
1191 2069 1412 2160 exaequabitur.

273 2201 345 2295 jam
365 2220 438 2268 cum
459 2196 571 2267 datum
597 2195 684 2288 quod
709 2199 752 2265 sit
778 2217 905 2286 semper
924 2205 1048 2264 certum
1067 2195 1179 2264 haberi
1203 2199 1327 2288 possit,
1347 2217 1450 2288 neque
1470 2195 1546 2265 olim

279 2323 366 2395 aliud
381 2345 479 2416 quam
491 2323 525 2393 id
537 2326 646 2414 ipsum
662 2321 747 2415 quod
761 2321 872 2390 datum
888 2332 976 2390 essct
988 2324 1088 2413 repeti
1101 2320 1220 2408 liceret,
1243 2332 1362 2390 certam
1377 2324 1488 2418 utiquc
1504 2343 1546 2392 ex
1610 2373 1619 2390 .

279 2473 314 2521 re
333 2450 410 2520 data
434 2460 546 2518 natam
573 2471 645 2519 esse
670 2447 899 2542 obligationem
914 2457 1031 2539 patet,
1058 2469 1117 2516 nec
1137 2451 1245 2540 possit
1261 2446 1393 2540 probari
1410 2447 1544 2519 Kelleris

280 2578 441 2647 sententia
459 2573 539 2661 (Civ.
554 2573 605 2643 Pr.
621 2571 638 2664 ξ
654 2571 718 2660 88)
737 2575 792 2666 qui
807 2576 840 2642 in
853 2575 1080 2666 antiquissimo
1094 2575 1169 2668 jure
1185 2596 1227 2646 ex
1239 2573 1441 2660 formalibus,
1461 2596 1544 2668 quos

280 2704 442 2787 dicamus,
464 2699 685 2772 contractibus
703 2699 929 2770 tantummodo
944 2712 1049 2771 certas
1065 2703 1208 2771 actiones
1225 2713 1335 2773 censet
1349 2723 1420 2771 csse
1438 2713 1544 2772 natas.

280 2853 314 2900 re
334 2829 411 2899 data
429 2828 527 2898 aliam
544 2827 596 2896 vel
620 2830 776 2898 incertam
794 2848 863 2896 rem
881 2829 947 2918 peti
964 2849 1079 2919 posse,
1104 2831 1291 2899 recentioris
1314 2827 1441 2898 demum
1459 2830 1545 2923 juus

281 2979 353 3026 csse
371 2953 508 3025 videtur.
912 2921 917 2938 ¹

367 3085 486 3173 itaque,
503 3099 689 3172 quanquam
702 3077 793 3147 nulla
807 3088 896 3148 essct
908 3076 1015 3147 Plauti
1029 3089 1135 3149 aetate
1151 3079 1192 3149 ad
1204 3078 1398 3172 implendam
1414 3083 1546 3175 emptio·

279 3232 353 3279 nem
367 3190 462 3292 actio,
482 3205 553 3275 leve
567 3215 676 3274 tamen
691 3205 777 3297 ejus,
798 3206 852 3297 qui
866 3180 1087 3297 praestitisset
1100 3204 1219 3298 aliquid
1234 3206 1410 3277 secundum
1424 3212 1546 3302 pactio·

279 3358 353 3404 nem
371 3344 589 3415 contractam,
609 3330 769 3424 agebatur
785 3332 981 3424 periculum3
1000 3335 1028 3401 si
1047 3330 1129 3401 alter
1145 3355 1211 3402 non
1228 3335 1307 3402 item
1321 3333 1478 3420 solveret,
1492 3336 1547 3429 ju-v

280 3459 361 3530 dicio
387 3461 514 3552 reposci
542 3457 653 3527 datum
678 3455 803 3526 licebat.
842 3459 894 3525 cui
918 3460 964 3526 rei
984 3457 1097 3528 similis
1116 3461 1213 3529 etiam
1238 3459 1431 3530 arrhabonis
1452 3460 1546 3532 dandi

280 3589 363 3656 ratio
388 3585 493 3656 fnisse
511 3583 648 3653 videtur.
687 3585 801 3652 etenim
827 3594 952 3675 emptor
975 3583 1163 3677 plerumque
1188 3588 1282 3677 pretii
1303 3598 1428 3679 partem
1449 3587 1547 3658 dabat

280 3711 471 3797 arrhaboni,
498 3733 577 3802 quo,
603 3720 641 3778 ut
660 3731 747 3793 sese,
769 3712 817 3778 ita
834 3709 1034 3780 venditorem
1053 3734 1180 3804 quoque
1200 3711 1356 3807 alligaret.
1392 3717 1471 3808 ipsi,
1492 3717 1547 3808 qui

282 3837 428 3922 dederat,
453 3847 598 3929 repetere
616 3834 833 3905 arrhabonem
851 3858 915 3905 non
935 3836 1068 3922 licebat,
1096 3861 1170 3907 cum
1196 3837 1299 3909 altera
1316 3862 1394 3931 pars
1414 3861 1546 3911 servare

280 3963 402 4056 placita
420 3961 571 4032 malebat.
598 3964 676 4031 item
696 3965 750 4055 qui
769 3974 939 4055 acceperat
953 3961 1116 4056 obligatus
1137 3974 1207 4033 erat
1223 3963 1276 4033 vel
1294 3965 1336 4035 ad
1353 3965 1546 4059 implendam

280 4086 495 4158 venditionem
512 4088 565 4157 vel
583 4087 625 4156 ad
642 4087 858 4157 arrhabonem
876 4089 1120 4160 restituendum.
1152 4090 1242 4161 locos
1263 4094 1317 4184 qui
1335 4091 1419 4163 hanc
1434 4093 1546 4164 arrha·

280 4212 374 4284 honis
401 4216 469 4282 vim
495 4213 599 4284 fuisse
625 4212 860 4301 demonstrent,
889 4227 1004 4308 postca
1033 4240 1265 4309 exsequemur:
1288 4219 1359 4311 jam
1385 4219 1419 4289 id
1445 4243 1546 4292 unum

280 4338 377 4410 liceat
403 4339 492 4426 addi,
524 4340 677 4411 Plautum
706 4345 888 4435 »pignore«
923 4353 1019 4434 atque
1055 4343 1283 4414 »arrhabone«
1311 4345 1455 4418 vocibus·
1472 4369 1546 4441 pro-

282 4468 405 4537 miscue
432 4469 495 4550 uti,
529 4478 559 4536 et
587 4489 682 4559 quem
712 4469 809 4538 modo
835 4468 1050 4539 arrhabonem
1079 4468 1146 4538 dixi
1172 4473 1291 4564 pignus
1319 4495 1438 4544 vocare
1466 4470 1546 4558 (Mo-

282 4589 584 4680 saumata),
618 4605 650 4665 ct
679 4617 797 4666 rursus
830 4618 898 4666 rem
931 4595 1108 4690 obhgatam
1139 4596 1353 4669 arrhabonem
1384 4596 1546 4693 appellare
